2934 4950
359 429 399 484 ru
419 431 449 485 r.
472 432 499 486 r.
522 396 647 487 sriru
668 435 776 492 runs.
798 440 868 494 uc.
892 441 961 496 ιιι.
1104 447 1160 513 sis

158 544 298 618 AEgrescit
310 544 383 598 curis
399 542 435 620 (v.
457 545 537 624 194).
552 549 622 618 ΜΒ,
635 549 728 622 lips,
747 551 795 606 PR
815 573 821 607 :
828 551 928 624 stiriis.
941 585 982 598 -
994 557 1042 613 Ad
1056 577 1083 615 v.
1097 561 1162 635 195,

117 637 214 691 Furius
229 648 324 704 ornat,
340 636 442 694 Markl.
459 651 606 714 comparat
626 643 742 718 Burin,
759 645 861 722 Suppl.
876 654 949 719 774:

240 810 316 872 Φαίης
334 808 372 875 tv,
388 805 414 864 'si
429 817 542 882 παρῆσθ’,
560 813 596 866 ὅτ’
609 817 699 885 ἠγάπα
715 821 815 888 requie.

160 975 327 1052 Praecipites
335 994 478 1052 gressus...
489 977 584 1052 ¹offert
598 977 636 1056 (v.
653 980 731 1058 207).
745 985 844 1060 «tege
859 1006 883 1043 c.
899 1006 917 1045 n
931 998 1002 1064 optt.
1018 989 1126 1062 effen:
1144 1008 1160 1045 a

111 1068 160 1125 via
169 1067 317 1139 nimirum,
325 1086 384 1144 qua
396 1078 496 1126 ceterae
503 1070 634 1128 mulieres
647 1073 821 1148 institerant,
832 1097 892 1136 sese
900 1080 994 1138 aulert
1002 1080 1031 1135 in
1044 1076 1135 1137 aliern.
1146 1105 1159 1132 ι

53 1173 64 1184 ·
111 1165 226 1218 llsnrn.
237 1163 326 1234 Quod
335 1171 470 1218 enotatur
478 1163 562 1220 ctiam
576 1183 591 1221 e
606 1181 622 1220 u
635 1168 724 1245 Regg.
738 1189 744 1224 :
759 1171 810 1226 sed
826 1171 857 1226 hi
873 1172 940 1228 sort.
955 1192 978 1229 c.
997 1175 1061 1230 Put.
1077 1191 1084 1226 :
1102 1193 1159 1228 au-

124 1267 175 1311 eri.

97 1258 134 1324 f
155 1349 222 1424 Ego
238 1359 266 1403 te
279 1347 391 1406 labente
408 1345 447 1427 (v.
462 1347 537 1422 ²09l·
554 1349 739 1428 «Polynicen
751 1363 898 1410 mortuum
913 1357 1076 1432 alloquitur.
1094 1363 1158 1416 la·

107 1444 211 1511 berte,
232 1441 320 1502 idest
339 1441 512 1516 putiscente,
525 1442 555 1498 in
574 1443 673 1500 tabum
692 1446 849 1503 abeuntes
864 1451 964 1506 Gnoss.
974 1451 1105 1526 Optime,
1126 1465 1160 1509 ut

107 1537 164 1590 nir
180 1535 290 1603 labitur,
306 1534 337 1591 in
349 1553 438 1610 aquas
453 1534 526 1604 abit,
539 1545 567 1592 et
583 1535 637 1592 alia
654 1556 709 1611 pro
729 1558 790 1594 non
807 1541 928 1615 amplius
944 1542 1057 1601 durare.
1076 1546 1113 1602 Et
1130 1566 1158 1605 v.

107 1647 170 1686 212
184 1651 191 1684 ι
207 1632 323 1687 Interea
335 1628 429 1700 fimus
448 1629 593 1685 decrescit.
613 1633 764 1705 Perperam
782 1633 948 1692 Wakefield.
969 1638 1011 1692 ad
1028 1639 1136 1696 Lucret.
1146 1681 1156 1709 ,

104 1743 166 1795 ιιι,
184 1721 256 1795 380,
270 1740 307 1778 ex
324 1721 371 1778 illa
383 1723 475 1779 Gloss.
490 1721 679 1796 explicatione
692 1723 789 1781 elicuit
803 1737 831 1782 te
840 1727 958 1784 tabente.
1157 1784 1161 1818 1

150 1817 284 1872 Hortaris
301 1827 412 1872 euntem
427 1812 465 1894 (v.
482 1813 560 1890 218).
580 1816 706 1874 «Verbis
722 1817 943 1880 dehortantibus
960 1823 1158 1881 cohortaris.»

151 1999 236 2073 Ov'us
246 1999 359 2078 Dea(v.
379 2002 437 2059 ²26
452 1998 515 2080 sq.).
532 2004 587 2059 ΜΒ
600 2023 629 2058 i«
642 2002 745 2075 cuijus
760 2001 850 2064 nen...
864 2005 945 2064 dedit
953 1917 1157 2084 senlilcirnen-

102 2113 216 2170 peram.
229 2095 304 2150 Bene
318 2103 485 2168 comparant
504 2095 566 2152 val.
579 2097 687 2168 Flacc,
707 2115 759 2169 ιιι,
775 2097 830 2154 ι3ι
849 2118 913 2174 sqq.
928 2120 936 2156 τ

497 2261 617 2309 ....Et
632 2259 736 2312 herbera
751 2260 831 2312 buxus

214 2344 239 2393 si
252 2351 334 2403 vocet,
349 2351 374 2393 et
388 2343 458 2393 notis
472 2342 589 2394 ululantia
604 2343 725 2411 Dindymi
739 2345 824 2405 uuis,

213 2429 284 2479 ‘l'unc
298 2425 360 2478 ensis
374 2427 512 2495 plicectque
527 2426 596 2478 luror
610 2443 616 2478 :
631 2428 704 2480 nudo
719 2429 767 2480 teli
779 2429 888 2481 swdos

213 2511 335 2578 Por-elga,
349 2520 373 2562 ot
385 2513 449 2579 jussi
464 2512 558 2579 unguii
570 2511 686 2563 sxubm
701 2514 765 2564 ulna.

148 2668 206 2723 Per
215 2678 244 2724 et
256 2668 333 2739 ⁴iricio
346 2687 425 2725 saxa
439 2664 478 2745 (r.
492 2666 571 2745 232).
585 2668 705 2743 Aliquot
721 2670 827 2727 codd.:
844 2672 938 2745 «petit
955 2671 1029 2743 inv„
1038 2695 1055 2724 ι
1069 2674 1154 2749 egl,

100 2772 137 2817 nt
151 2778 238 2817 versu
254 2758 311 2818 235
325 2762 421 2836 plnres
437 2781 443 2816 :
458 2780 557 2817 secura
570 2763 626 2817 ruit
638 2780 693 2836 pro
711 2782 735 2819 s.
757 2764 829 2819 uadi
839 2762 913 2842 (non
926 2764 1155 2839 circumspiciens

99 2854 212 2911 vadum
233 2854 365 2912 transitu
385 2851 500 2931 aptius),
517 2864 546 2910 et
563 2854 619 2911 236
638 2856 743 2910 Fertur
759 2852 830 2933 (pro
847 2853 981 2935 Proeter),
997 2857 1077 2933 qood
1090 2859 1153 2915 Nic.

101 2946 253 3019 Heinsius,
267 2949 339 3004 Adv.
360 2967 401 3018 ιν,
417 2946 451 3017 3,
464 2946 664 3022 reponendum
679 2949 843 3020 contendit,
856 2950 966 3025 prabet
979 2952 1051 3027 lleg.
1068 2971 1092 3009 1.

148 3041 271 3097 Comites
282 3041 391 3097 solatia
399 3039 536 3114 flummoe
554 3038 591 3114 (v.
609 3038 687 3119 uti).
703 3041 803 3099 Scribe
815 3062 881 3099 curn
898 3042 1061 3099 Barthioex
1073 3046 1154 3101 itu:

100 3134 265 3192 «concutis
281 3132 435 3207 flammam
449 3132 515 3190 licet
528 3135 635 3191 solatur
650 3154 731 3210 seque
751 3137 845 3193 solum
859 3146 985 3211 ponatur
999 3155 1081 3193 versu
1100 3138 1154 3213 693

102 3228 156 3285 sed
169 3227 193 3284 is
208 3228 268 3285 sine
282 3227 373 3286 dnbio
386 3248 446 3285 uon
460 3227 578 3304 integer.

143 3321 191 3377 Sic
204 3320 320 3377 octoas
341 3340 407 3391 orso
426 3320 464 3397 (v.
486 3319 564 3399 245).
590 3324 757 3399 legendum
778 3321 893 3380 videtur
910 3341 974 3391 ore,
993 3342 1029 3379 ex
1047 3324 1102 3379 ΜΒ
1126 3333 1154 3380 et

103 3418 176 3490 Reg.
199 3432 221 3469 i.

147 3509 472 3565 AEstuatoerSonlidus
484 3504 525 3586 (v.
543 3508 599 3576 248
623 3506 687 3587 sq.).
709 3506 878 3569 Wakefield.
901 3508 939 3565 ad
959 3510 1088 3579 lucret,
1108 3528 1154 3579 u,

105 3600 180 3671 415,
194 3601 309 3675 reponit
334 3602 468 3657 Toru‘dus
485 3619 522 3658 ex
536 3604 681 3677 Propert,
699 3622 740 3673 n,
755 3622 806 3674 ιι,
824 3601 850 3660 5.

148 3695 307 3751 Temoctem
321 3696 492 3754 Herculeam
506 3691 545 3771 (v.
563 3694 640 3771 301).
655 3698 724 3753 Post
737 3697 797 3752 haec
804 3694 993 3771 aposiopesis,
1006 3693 1153 3752 reticendo

101 3789 151 3845 vel
165 3788 351 3855 continuasti,
367 3788 412 3843 rel
427 3789 542 3857 luxisti,
558 3798 592 3844 nt
611 3789 706 3846 Barth.
721 3788 780 3847 Sed
792 3787 905 3845 divisim
918 3787 1100 3845 scribendum
1113 3798 1156 3844 ter

103 3894 231 3953 noctem,
249 3891 282 3938 ut
295 3882 466 3939 vetustiores
478 3882 543 3940 edd.
554 3914 593 3927 -
607 3884 656 3959 Sq.
672 3904 698 3940 v.
715 3902 815 3939 verum
828 3882 943 3939 videtur
956 3881 1040 3957 quod
1056 3881 1152 3945 Βοιὼ.

103 3988 133 4033 et
150 3978 240 4032 Gron.
259 3974 457 4049 restituerunt,
471 3976 596 4034 «uiltrix
611 3978 806 4053 placitissima
824 3976 923 4034 nostri.
940 3999 955 4029 ι
975 3977 1010 4031 ln
1029 3976 1085 4031 ΜΒ
1105 3972 1154 4031 nli·

103 4067 178 4145 quid
196 4065 238 4125 ihi
255 4086 374 4126 erasum.
