2934 4950
215 300 218 304 ⁵
331 345 387 420 296
701 341 1031 400 surorsruouus.

368 455 511 517 ntum
524 456 562 536 (v.
579 455 656 534 309).
671 457 809 514 «leniter
822 457 949 514 insonuit
962 457 1014 514 alis
1033 460 1069 516 ab
1084 479 1148 517 aere
1169 464 1347 536 repercussis.
1360 491 1372 514 ι

329 557 429 612 Gnoss.
445 553 576 609 Barthius
591 551 704 607 confert
720 552 836 620 Horat„
853 551 907 606 Od.
923 569 947 622 1,
965 551 1015 622 23,
1031 549 1048 608 5
1064 571 1071 606 :

534 767 558 779 ..
573 765 581 778 .
595 726 729 778 Mobilibus
742 726 803 792 reris
815 725 939 776 inhorruit
1026 735 1029 750 ¹

507 812 631 863 Adventus
639 811 711 862 foliis

328 988 428 1044 Paullo
440 997 506 1042 ante
515 998 595 1040 astru
604 994 747 1057 temperat
759 1001 815 1058 pro
829 981 983 1056 splendore
993 982 1115 1055 dietum,
1129 1003 1188 1040 uon
1198 1004 1254 1060 pro
1269 990 1377 1060 calore,

328 1089 362 1135 ut
378 1077 427 1136 alii
440 1075 591 1152 explicant.

370 1173 454 1229 Nunc
467 1171 593 1248 quantur
604 1189 654 1226 ceu
671 1171 758 1226 tarda
768 1169 856 1246 fisgae
876 1170 1029 1244 dupondio
1050 1167 1088 1248 (v.
1104 1171 1183 1250 320).
1197 1174 1289 1230 Recte
1309 1176 1377 1234 Bar.

329 1266 406 1324 thius
419 1285 429 1322 s
442 1289 455 1317 ι
470 1267 606 1341 Ineptum
622 1263 695 1321 iliud
709 1281 760 1320 ceu
769 1303 779 1332 ‚
797 1273 826 1320 et
845 1261 1012 1319 senteutiam
1025 1264 1186 1320 obfuscans.
1203 1265 1305 1323 Scribe
1325 1287 1377 1342 ope

330 1359 503 1435 optirnarum
519 1358 654 1427 membr,
678 1375 743 1432 quae
768 1367 863 1430 aperte
885 1373 920 1411 eu
941 1357 1097 1430 praeferunt
1120 1377 1128 1412 ε
1152 1359 1209 1414 «Ν.
1233 1361 1376 1433 querimr.

329 1453 406 1510 beu!
420 1451 515 1523 tarda,
529 1463 606 1509 etc.»

371 1548 499 1622 Abrupta
524 1547 585 1600 sole
613 1543 651 1619 (v.
677 1539 755 1620 325).
777 1541 851 1597 Nam
878 1543 921 1597 sol
947 1541 1091 1616 refugerat
1118 1543 1244 1617 aspicere
1271 1565 1376 1602 coeuaiu

329 1639 465 1718 Thyesta.
482 1638 525 1697 Cf.
540 1637 628 1708 iufra,
646 1655 684 1708 ιι,
704 1633 843 1706 ‚184‚ubi
861 1638 912 1690 Ine
926 1634 1073 1704 intercisa,
1096 1647 1125 1691 et
1137 1655 1181 1707 rr,
1200 1637 1267 1708 307.

372 1735 505 1790 Gelidum
519 1740 689 1788 tenuaverat
699 1747 770 1784 aera
787 1725 825 1804 (v.
841 1725 922 1806 338).
943 1753 956 1780 α
970 1727 1036 1784 Diei
1053 1748 1101 1785 aer
1121 1730 1242 1789 crassior
1254 1742 1315 1804 est,
1333 1744 1377 1788 te-

329 1828 394 1884 nuis
410 1825 511 1882 noctis.
522 1849 535 1876 ι
550 1826 638 1881 Lacr.
658 1824 731 1892 Quae
744 1821 943 1897 interpretatio
962 1821 1110 1896 repudiari
1123 1841 1184 1878 nou
1198 1823 1324 1882 debebat
1339 1847 1346 1880 :
1364 1847 1377 1882 u

329 1919 485 1995 vaporibus
498 1917 574 1974 enim
586 1925 729 1993 pungatur
741 1932 790 1971 aer
804 1914 911 1990 frigore
923 1925 1077 1975 nocturno.
1092 1951 1094 1958 =

371 2013 510 2068 Erasr'rrus
523 2008 562 2088 (v.
580 2007 658 2086 357).
672 2009 701 2065 Is
719 2019 816 2064 ortum
832 2007 922 2065 hebet
935 2025 971 2064 ex
989 2008 1053 2066 lacu
1072 2008 1202 2065 mdiae
1222 2011 1375 2089 Stympha-

329 2105 403 2177 lide,
424 2122 493 2159 mox
511 2114 589 2160 terra
609 2102 782 2172 occultatus,
808 2099 839 2156 in
853 2119 923 2177 agro
948 2101 1046 2176 argivo
1069 2102 1165 2158 denuo
1188 2105 1329 2179 erumpit,
1352 2120 1378 2162 et

329 2209 396 2274 post
422 2199 539 2254 breuem
570 2215 685 2253 cursum
712 2213 779 2252 cum
805 2194 921 2270 Phryxo
947 2194 1082 2252 miscettn
1108 2214 1207 2253 versus
1231 2199 1377 2258 meridiem

332 2292 448 2349 fluente.
462 2290 565 2360 Ouid,
578 2290 783 2360 Metom.‚.xr,
799 2286 856 2358 276
877 2307 884 2342 ι

453 2458 572 2511 Redditur
583 2456 692 2525 argolicis
700 2457 783 2523 ingens
794 2455 906 2507 &asinus
917 2455 944 2507 in
955 2455 1024 2523 agris

329 2623 412 2676 Falso
426 2618 513 2695 igitur
524 2616 572 2673 hie
585 2614 690 2673 finnus
704 2615 809 2671 dicitur
823 2633 935 2690 surgere
948 2617 990 2671 ad
1003 2619 1120 2683 Arctos,·
1134 2627 1162 2671 at
1175 2618 1248 2674 aiter
1256 2630 1299 2675 est
1307 2621 1376 2677 Era-

331 2714 407 2768 sinus
421 2710 573 2782 Achaicus,
587 2708 639 2791 qui
653 2726 768 2765 cursum
783 2706 821 2763 ad
834 2706 1057 2781 septentrionem
1066 2706 1171 2780 tendit,
1185 2708 1222 2768 ad
1231 2712 1336 2769 buram
1351 2714 1378 2767 iu

329 2807 422 2861 sinum
443 2802 618 2870 corinthium
639 2820 668 2858 se
688 2802 913 2875 exoneranuEt
935 2801 1013 2857 hunc
1030 2802 1067 2857 ab
1088 2800 1178 2857 Statio
1202 2822 1268 2859 cum
1291 2807 1377 2863 altero

330 2917 389 2954 esse
411 2906 604 2972 permutatum
624 2893 763 2950 sententia
786 2904 827 2950 est
848 2893 980 2965 cellarii,
1003 2894 1103 2969 Geogr.
1127 2896 1231 2970 antr'q.,
1256 2900 1315 2954 voi.
1339 2918 1377 2969 11,

329 3011 358 3065 p.
378 2990 436 3066 982
461 3008 503 3064 sq.
518 2990 625 3045 Verum
646 3005 707 3042 uon
726 2986 897 3063 negligenda
914 2985 961 3043 hic
979 2996 1040 3043 erat
1062 2986 1195 3043 codicum
1214 2986 1377 3060 fluctuatio,

330 3102 456 3159 quorum
468 3100 535 3157 pars
551 3083 587 3137 E.
603 3083 633 3136 in
655 3081 756 3135 undas.
777 3083 873 3152 Quare
892 3090 970 3135 recte
991 3090 1020 3136 et
1038 3099 1095 3154 pre
1112 3080 1228 3157 ingenio
1252 3084 1377 3141 Statiano

330 3178 473 3250 conjicere
493 3175 564 3234 mihi
581 3174 683 3231 uideor
696 3193 704 3229 t
718 3174 845 3250 «gelidas
867 3192 987 3251 surgens
999 3176 1047 3231 Er.
1063 3174 1101 3231 ad
1121 3196 1222 3243 auras,
1234 3201 1250 3229 u
1269 3196 1286 3235 e
1307 3190 1376 3235 tetra

330 3273 403 3340 scii,
417 3270 469 3327 ubi
486 3281 564 3326 tutus
581 3269 675 3325 fuerat
688 3270 725 3324 ab
743 3268 884 3325 imbribus
904 3279 933 3325 et
952 3268 1177 3343 tempestatibus.

370 3365 530 3419 lanbertus
547 3381 628 3437 aper
640 3359 678 3436 (v.
695 3360 772 3440 382).
794 3386 807 3413 a
818 3364 880 3419 Arx
901 3372 943 3417 est
960 3360 1082 3419 civitatis
1098 3362 1215 3437 argiva,
1233 3382 1299 3438 ques
1316 3366 1374 3419 La-

330 3458 401 3511 rissa
415 3455 530 3512 dicitur.
547 3479 559 3505 u
574 3457 663 3512 Lacr.
678 3454 760 3511 Idem
774 3453 811 3510 ad
825 3472 853 3513 u.
875 3452 932 3522 381,
947 3474 954 3511 ε
972 3456 1111 3511 Herculeo
1123 3456 1242 3530 signata
1251 3475 1376 3530 mpure:

329 3547 379 3605 nsi
391 3566 487 3604 veram
502 3566 659 3622 quaeramus
672 3546 834 3617 historiam,
850 3548 945 3605 Lerna
956 3548 1039 3621 palus
1053 3547 1120 3619 fuit3
1135 3567 1199 3623 quae
1213 3567 1305 3623 quum
1318 3549 1374 3603 fre-

329 3651 450 3715 quenter
459 3640 626 3711 siccaretur,
635 3651 664 3695 et
678 3640 775 3696 denuo
784 3639 952 3714 impleretur
961 3638 1043 3713 aquis
1051 3681 1060 3710 ,
1069 3640 1206 3697 Hercules
1213 3640 1375 3715 deprehen-

328 3734 370 3789 dit
383 3751 468 3789 venas
479 3745 559 3789 terra
573 3733 707 3789 incendio
725 3752 810 3807 posse
827 3733 980 3807 praecludi,
994 3744 1080 3809 atque
1094 3734 1176 3803 ideo,
1192 3746 1376 3809 posteaquam

327 3827 456 3882 exhausit
472 3846 549 3897 earn,
564 3827 659 3903 ignem
668 3827 813 3897 adhibuit,
828 3836 869 3897 et,
883 3826 906 3881 si
920 3845 978 3901 qua
992 3824 1071 3882 unda
1083 3828 1311 3901 prorumpebat,
1320 3826 1375 3881 ob-

327 3919 431 3974 struxit
450 3941 456 3974 :
472 3938 538 3976 uam
552 3922 679 3993 Hydram
694 3930 853 3976 monstrum
868 3920 970 3989 fuisso,
984 3928 1034 3979 ἀπὸ
1059 3933 1107 3979 τῶν
1129 3922 1227 3980 hidros
1243 3916 1298 3997 (itu
1313 3920 1373 3979 cod.

328 4010 425 4088 Paris.)
441 4012 541 4068 fahuiae
554 4032 659 4068 nomen
675 4012 807 4069 obtinuit.
826 4012 926 4067 »Vide
941 4030 982 4081 11,
999 4010 1056 4081 376
1074 4030 1113 4085 sq.
