2934 4950
355 497 388 532 ro
716 480 745 534 P.
767 477 889 534 PUBLll
911 478 1033 533 STATn
1318 486 1408 543 (nso.)

313 645 314 650 κ
351 605 537 700 Lampade,
553 618 742 699 parcentes,
759 620 792 675 et
808 604 908 674 inerti
925 604 1119 672 strinximus
1134 627 1225 671 arcu.

351 730 400 795 Ex
417 725 475 795 illo
495 741 637 820 quantos
651 727 784 822 juvenis
802 739 933 820 premat
949 725 1067 792 anxius
1083 724 1175 817 ignes

350 847 456 916 Testis
473 871 552 942 ego,
572 847 734 917 attonitus
751 860 917 940 quantum
936 870 990 913 me
1008 859 1105 913 noete
1120 844 1240 938 dieque

353 971 535 1062 Urgentem
552 967 635 1061 ferat
653 994 660 1036 :
678 965 770 1036 baud
786 964 847 1034 ulli
862 965 1092 1034 vehementior
1108 987 1256 1067 unquam

351 1089 513 1176 Incubui,
530 1089 689 1184 genitrix,
708 1087 891 1180 iterataque
907 1083 1048 1154 vulnera
1063 1082 1130 1152 fixi.

352 1207 431 1276 Vidi
451 1233 513 1305 ego
529 1223 562 1277 et
579 1208 700 1276 immiti
721 1205 881 1300 cupidum
897 1204 1074 1274 decurrere
1089 1228 1208 1297 campo

351 1330 612 1422 Hippomenem,
633 1315 696 1397 nec
712 1329 758 1396 sic
773 1340 861 1396 meta
878 1323 1023 1420 pallebat
1040 1327 1075 1393 in
1092 1325 1160 1393 ima
1178 1349 1185 1390 :

352 1447 432 1518 Vitli
449 1463 482 1518 et
498 1447 651 1543 Abydeni
665 1449 799 1542 juvenis
816 1448 978 1517 certantia
994 1447 1093 1514 remis

352 1568 508 1659 Brachia,
524 1566 725 1662 laudavique
745 1589 878 1656 manus,
895 1583 929 1637 et
944 1592 1031 1661 saepe
1046 1567 1176 1635 natanti

352 1689 495 1759 Praeluxi
513 1715 520 1758 :
540 1691 651 1758 minor
667 1687 722 1757 ille
738 1687 841 1777 calor,
857 1713 924 1782 quo
940 1712 1025 1757 saeva
1040 1685 1199 1781 tepebant

353 1813 508 1904 AEquora.
525 1812 578 1879 Tu
595 1822 737 1897 veteres,
751 1810 904 1904 juvenis,
921 1822 1143 1902 transgressus
1161 1829 1289 1874 amores
1306 1815 1332 1872 :⁰·

354 1933 428 2024 Ipse
446 1953 507 2025 ego
524 1943 557 1999 te
575 1944 683 2000 tantos
699 1930 813 2023 stupui
833 1928 968 1998 durasse
984 1952 1045 2022 per
1061 1940 1173 2015 aestus,

355 2051 566 2145 Firmavique
582 2051 727 2137 animos,
745 2047 941 2141 blandisque
957 2047 1126 2117 madentia
1141 2045 1264 2141 plumis

355 2173 500 2240 Lumina
516 2171 647 2240 detersi.
664 2173 806 2262 Quoties
824 2170 907 2238 mihi
924 2183 1058 2262 questus
1078 2166 1203 2263 Apollo

355 2293 410 2360 stc
426 2306 538 2361 ratem
555 2316 694 2360 moerere
710 2289 826 2360 suum!
846 2294 935 2378 Jam,
952 2302 1070 2378 mater,
1088 2303 1214 2357 amatos

355 2411 497 2509 Indulge
514 2411 676 2482 thalamos
697 2438 705 2481 :
726 2426 840 2481 noster
853 2435 965 2481 comes
980 2408 1037 2480 ille
1051 2412 1192 2505 piusque

356 2534 500 2629 Signifer
516 2532 689 2603 armiferos
708 2546 840 2627 poterat
858 2556 1045 2602 memorare
1062 2530 1207 2619 labores,

356 2654 521 2749 Claraque
538 2655 624 2724 facta
640 2656 765 2743 virum,
782 2667 814 2723 et
832 2668 996 2724 torrentes
1012 2653 1173 2747 sanguine
1188 2672 1348 2743 campos3

357 2776 411 2844 Sic
431 2775 490 2844 tibi
511 2774 639 2869 plectra
659 2775 765 2862 dedit,
784 2775 940 2869 mitisque
956 2772 1110 2843 incedere
1125 2785 1216 2840 rates

357 2894 495 2983 Maluit,
510 2909 544 2965 et
560 2910 673 2998 postra
688 2890 821 2963 laurum
838 2893 1011 2964 subtexere
1026 2905 1146 2986 myrto.

358 3016 421 3086 Hic
434 3017 597 3110 juvenum
614 3014 740 3108 lapsus,
758 3039 897 3108 suaque,
917 3012 1009 3083 haud
1029 3027 1193 3100 extrema,
1213 3010 1361 3083 revolvit

358 3134 517 3206 Vulnera.
534 3140 601 3207 Pro
620 3149 746 3231 quanta
762 3149 812 3204 est
826 3136 945 3231 Paphii
963 3135 1165 3222 reverentia,
1182 3150 1299 3222 mater,

357 3254 529 3327 Numinis!
549 3257 605 3327 hie
621 3270 742 3325 nostre
758 3255 892 3325 deflevit
908 3257 975 3325 fata
991 3254 1162 3325 columbae.
1177 3286 1194 3320 a

405 3378 559 3467 Dixerat3
581 3390 615 3447 et
633 3391 748 3447 tenera
766 3379 883 3447 matris
902 3379 1031 3448 cervice
1051 3377 1210 3473 pependit

359 3497 521 3586 Blandus,
538 3512 571 3568 et
588 3497 730 3569 admotis
746 3498 900 3593 tepefecit
915 3513 1052 3594 pectora
1071 3500 1199 3594 pennis.

359 3618 421 3689 Illa
440 3619 561 3708 refert,
576 3617 675 3709 vultu
692 3646 761 3690 non
781 3634 957 3715 aspernata
974 3622 1112 3716 rogari:

361 3770 377 3805 α
386 3738 523 3809 Grande
540 3741 690 3835 quidem,
708 3765 889 3835 rarumque
906 3742 1009 3829 viris,
1030 3766 1113 3835 quos
1131 3742 1203 3835 ipsa
1223 3740 1384 3834 probavi,

360 3862 487 3932 Pierius
502 3876 620 3931 votum
633 3864 766 3957 juvenis
781 3864 871 3957 capit
887 3889 896 3931 ε
914 3862 1001 3931 hanc
1018 3875 1099 3957 ego,
1113 3862 1227 3931 fomnae

361 3982 541 4079 Egregium
558 3984 678 4053 mirata
693 3982 809 4072 decus,
825 3978 879 4054 c'ui
896 3982 1003 4078 gloria
1022 3997 1155 4078 patrum

361 4105 403 4171 Et
420 4105 549 4198 generis
565 4104 711 4175 certabat
728 4105 850 4193 bonos,
869 4102 988 4173 tellure
1004 4104 1176 4174 cadentem
