2934 4950
434 483 591 540 norrrn
611 482 856 540 timentem
1128 485 1166 556 vij

109 610 182 676 nire
197 607 323 679 studet
342 609 530 694 Noeckrirs,
550 608 571 677 l.
594 610 669 696 cit,
685 634 719 703 p.
738 606 786 680 68
796 606 819 676 *.
841 609 894 678 Ne
913 607 1026 702 plura,
1043 633 1085 678 ex
1101 613 1167 684 An-

12 797 13 810 ,
107 727 290 816 timebo,
318 743 390 798 tum
427 728 627 824 percelebri,
657 728 801 799 multum
826 727 1005 824 profecisse
1035 728 1168 798 videtur

107 851 245 918 Statius
256 846 297 935 ¹⁴,
314 847 391 920 licet
406 849 458 919 vel
476 874 668 944 paucaque
683 865 864 946 supersunt
881 849 1066 943 fragmenta
1079 846 1167 919 illius

10 971 11 1024 i
106 970 299 1040 ostendant
317 995 429 1043 rerum
446 971 569 1044 bonam
583 987 710 1067 partem
725 972 768 1042 ab
782 969 886 1043 latino
900 986 999 1067 poeta
1009 997 1071 1065 pro
1084 996 1167 1040 con-

9 1107 10 1120 *
106 1089 183 1158 silio
203 1117 284 1160 esse
307 1091 502 1186 neglectam.
527 1095 680 1181 Etenim,
707 1095 800 1188 quod
825 1094 911 1166 hene
929 1093 1169 1165 demonstravit

113 1215 162 1280 W
161 1212 348 1299 elclterrcs,
370 1214 538 1284 diversum
555 1217 730 1310 utriusque
750 1230 856 1310 poete
869 1217 1061 1288 institutum
1086 1229 1166 1284 erat.

5 1343 6 1426 j
107 1333 324 1403 Antimacho
352 1349 501 1405 veterum
523 1336 714 1430 mytborum
736 1336 778 1406 de
799 1336 952 1407 thebanis
976 1334 1070 1409 bellis
1088 1361 1168 1430 opes

4 1491 6 1520 ;
108 1467 139 1522 et
157 1453 306 1524 divitias
325 1455 496 1528 decretum
512 1471 584 1527 eret
602 1457 756 1551 religiose
774 1472 927 1528 excutere
944 1473 979 1528 et
993 1459 1167 1552 antiquam

107 1578 315 1646 memoriam
341 1577 518 1673 complecti
542 1593 662 1666 totam,
685 1579 836 1649 historici
861 1593 967 1675 poetae
984 1577 1077 1647 fide:
1101 1583 1168 1648 Ro-

5 1777 7 1803 ,
108 1721 238 1768 manus
256 1698 320 1768 hac
342 1698 425 1770 silva
444 1700 600 1770 utebatur
617 1700 659 1770 ad
677 1702 803 1795 ingenii
817 1702 1091 1787 ostentationem,
1113 1699 1169 1768 de·

5 1816 6 1836 ³
111 1841 258 1913 cer-pens
274 1819 355 1888 inde
376 1844 451 1913 quae
469 1835 644 1894 «tractata
667 1827 827 1893 nitescere
839 1846 975 1919 posse»
998 1820 1168 1916 sperabat,

110 1941 301 2034 omniaque
321 1940 502 2037 disponens
520 1944 585 2029 ita,
600 1958 637 2014 ut
649 1958 683 2013 et
699 1944 863 2015 unitatem
876 1941 1056 2038 quamdam
1075 1942 1169 2036 operi

112 2074 254 2162 pararet
260 2112 271 2144 ,
293 2075 327 2130 et
343 2061 511 2132 auditores
530 2061 739 2158 lectoresque
751 2089 819 2134 non
842 2061 987 2150 laxaret,
1010 2061 1068 2131 sed
1093 2085 1170 2154 pro·

114 2179 274 2268 grediens
300 2180 400 2250 altius
419 2207 523 2276 usque
541 2198 773 2255 commoveret.
799 2184 915 2272 Quare
935 2184 1082 2278 primum
1102 2183 1168 2250 llo

115 2303 242 2372 mer-ico
261 2302 365 2372 modo
382 2299 540 2392 ἀριστείας
558 2305 706 2393 induxit,
726 2306 747 2374 i.
764 2329 792 2375 e.
810 2307 846 2374 in
858 2329 994 2399 quoque
1008 2302 1097 2373 libro
1112 2300 1169 2370 ali·

117 2443 217 2511 quem
237 2421 283 2493 de
299 2439 425 2518 septem
445 2425 585 2495 ducibus
602 2427 789 2521 principem
806 2423 921 2520 gloriae
939 2439 973 2495 et
986 2446 1109 2519 pugne
1125 2421 1142 2491 f
1158 2462 1168 2476 ·

117 2543 169 2613 cit.
193 2545 333 2615 Deinde
359 2572 470 2617 rerum
489 2548 641 2619 ordinem
668 2549 714 2617 ita
736 2550 888 2634 invertit,
908 2560 946 2617 ut
961 2560 1040 2618 ante
1053 2568 1169 2615 omnes

118 2664 362 2761 Amphiaraum
395 2671 485 2738 Orco
510 2668 712 2757 demitteret,
744 2693 787 2738 ne
814 2668 931 2742 mortis
953 2667 1025 2760 ejus
1050 2662 1168 2733 lenitas

157 2918 170 2943 ⁶
183 2920 294 2973 Totum
308 2919 473 2993 mytborum
487 2920 523 2976 de
538 2920 667 2975 thebanis
680 2920 763 2976 bellis
776 2921 887 2995 cyclum
901 2928 931 2973 et
939 2928 1090 2991 poetarum
1107 2916 1168 2989 ejus

5 3066 6 3083 ἶ
122 3009 262 3065 iracundi
281 3011 408 3067 rationes
421 3031 529 3068 summa
543 3011 681 3068 doctrine
694 3012 779 3085 copia
792 3010 925 3085 exposuit
935 3010 1125 3065 Wrtcuans
1138 3007 1168 3062 in

122 3102 332 3175 Ephemen'clib.
353 3103 487 3160 scholast.
507 3104 674 3160 Darmsted.
690 3122 714 3160 a.
739 3102 830 3174 1832,
850 3102 922 3158 febr.
945 3111 973 3157 et
990 3111 1086 3170 mart,
1100 3100 1169 3155 inde

122 3212 196 3251 aar.
217 3202 253 3261 ιι,
270 3206 300 3251 et
314 3214 410 3270 seqq,
429 3214 459 3270 p.
484 3194 633 3267 rot-1803
653 3193 789 3271 209-250
810 3214 817 3249 ι
841 3194 962 3250 Thebais
975 3194 1035 3248 und
1054 3194 1168 3267 Epigo-

122 3306 181 3343 nen.
195 3288 243 3345 lbi
258 3306 288 3362 p.
314 3288 369 3347 158
383 3308 427 3367 sq.
447 3289 483 3347 de
505 3290 698 3357 Αιιεὶιιιαοήος
714 3298 744 3345 et
763 3306 793 3362 p.
821 3286 950 3354 161-164
973 3284 1114 3361 exquisita
1132 3286 1168 3341 de

124 3382 210 3437 Statio
225 3382 370 3439 disseruit.

157 3475 184 3501 ”
197 3476 234 3531 Et
250 3476 377 3531 erathaec
390 3475 449 3549 jam
463 3475 581 3550 antiqua
588 3474 671 3531 lama.
682 3474 776 3532 Schol.
785 3472 954 3528 Bartbianue
961 3470 998 3526 ad
1006 3470 1090 3525 Theb.
1097 3510 1107 3537 ,
1116 3489 1168 3538 ιιι,

6 3589 7 3601 ³
122 3567 175 3630 l66
190 3588 197 3623 :
212 3568 345 3623 «Dicunt
360 3578 476 3642 poetam
489 3568 543 3624 ista
557 3566 653 3623 onmia
667 3584 702 3622 ex
716 3583 808 3641 greco
822 3574 908 3639 poeta
921 3562 1092 3619 Antimacho
1112 3560 1167 3616 de-

5 3676 8 3745 Ῐ
121 3660 247 3732 duxisse,
262 3661 315 3735 qui
336 3672 366 3717 et
385 3661 446 3735 ipse
459 3658 600 3739 [lon]gam
613 3659 790 3717 Thebaidem
805 3657 918 3731 scripsit
935 3667 964 3713 et
976 3656 1120 3712 veteribus
1138 3654 1168 3709 in

121 3772 220 3829 magno
239 3753 335 3831 pretio
355 3753 511 3813 habitam.»
527 3756 628 3829 Neque
642 3754 698 3810 hoc
712 3752 897 3827 redarguitur
909 3749 981 3808 locis
995 3746 1167 3823 quibusdam

120 3846 249 3922 singulis,
263 3848 294 3903 in
314 3847 421 3923 qrrihus
444 3848 565 3904 Statium
583 3847 619 3903 ab
639 3845 808 3903 Antimacho
829 3844 1040 3901 dissentientem
1059 3840 1166 3915 depre-

119 3938 266 3997 hendimus
280 3961 287 3995 :
303 3960 327 3998 e.
342 3962 367 3999 c.
384 3941 455 4017 frag.
476 3960 513 4017 ²9
528 3930 706 4011 Antimachi‚
720 3938 773 4015 qui
785 3938 1022 4010 Parthenopaeum
1038 3952 1098 3989 non
1108 3935 1162 3987 Ar·

120 4033 233 4105 melem,
252 4046 284 4091 ut
304 4036 427 4105 Statius,
445 4035 495 4091 sed
518 4034 657 4111 Argivum
675 4032 824 4090 faciteam
841 4026 1015 4106 quibusdam
1031 4026 1108 4097 aliis,
1131 4024 1168 4084 de

121 4126 221 4199 quibus
234 4148 259 4186 r.
273 4132 490 4198 watonem«,
505 4131 522 4185 l.
538 4147 562 4185 c.
578 4145 606 4201 p.
628 4125 682 4183 138
696 4146 738 4201 sq.
