2934 4950
293 339 334 394 IN
356 339 384 393 P.
407 339 436 392 P.
459 337 584 392 srtrn
605 337 713 393 tntu.
737 338 805 393 unt.
827 339 865 394 Χ.
1044 336 1100 398 335

81 456 164 512 Iam
182 455 299 531 spt'ritau
313 457 380 512 olim
394 454 431 518 (v.
448 453 524 530 781).
542 455 630 510 Recte
644 455 739 510 Barth.
754 473 762 508 t
777 453 985 510 «scribendum
999 473 1033 508 ex
1047 473 1101 510 au·

34 550 195 604 ctoritate
204 546 305 622 optimi
322 547 444 602 :ettam
464 565 506 620 sp.
524 569 536 596 υ
556 548 592 602 Et
606 547 645 602 sic
666 548 827 615 allehctt„
846 565 863 602 a
883 547 973 622 Regg.

87 655 185 709 Veris
205 654 309 709 honore
327 655 420 708 soluto
441 649 478 726 (v.
494 649 572 729 788).
585 651 717 708 Heinsius
734 671 780 726 ap.
795 653 963 722 Rursum,
985 653 1101 710 Antitol.

36 750 115 812 lat,
132 745 200 800 voi
221 763 250 816 1,
268 762 297 819 p.
320 751 376 814 7⁰4
396 763 403 799 ε
420 746 573 800 «solutos...
591 754 700 800 artus.»

81 851 232 905 revoluta
248 850 343 904 notavi
354 850 480 923 Pignom
494 845 532 925 (v.
542 850 598 924 796
614 845 677 925 sq.).
694 847 839 905 Bartbiaui
849 865 962 917 omnes,
976 857 1010 902 ut
1021 846 1102 904 vide·

36 953 100 1011 tur,
119 959 138 996 ι
157 942 292 1012 Bebott.,
310 943 380 1016 lieg.
398 959 430 1012 a,
448 943 483 997 al.
501 951 577 996 recte
596 962 602 995 :
620 942 732 1008 novavi,
747 966 759 990 a
771 952 932 997 monstroso
946 939 1035 996 modo
1049 959 1101 996 na·

40 1046 118 1090 turae
139 1034 214 1106 jura
228 1033 369 1089 innovavi.
388 1057 400 1082 ι
415 1036 514 1090 Gross.

88 1141 129 1193 Ut
144 1139 272 1193 alternis
285 1135 323 1215 (v.
342 1137 421 1214 800).
441 1139 547 1194 Omnes
562 1139 656 1193 Barth.
673 1149 701 1193 et
723 1139 742 1192 6
757 1141 791 1194 al.
811 1160 818 1194 ε
840 1102 980 1207 «alterni,
993 1162 1006 1189 ι
1025 1157 1101 1212 quo-

42 1252 112 1286 rrun
130 1250 150 1286 2
169 1241 201 1286 et
215 1233 282 1286 Exc.
301 1230 389 1286 Fabri
405 1249 464 1304 seq.
480 1249 506 1285 v.
522 1251 529 1285 :
548 1231 801 1304 OEdipodionidae.

85 1337 183 1391 Male
199 1333 238 1413 (v.
254 1335 331 1413 805).
351 1335 512 1408 infeliciter,
533 1354 598 1391 meo
617 1337 700 1391 malo.
719 1337 858 1397 Nonnulli
877 1334 984 1391 codd.:
1006 1338 1099 1404 male,

44 1429 83 1484 ad
98 1440 230 1484 matrem
246 1429 437 1485 referendum.

89 1527 155 1577 Aut
169 1540 243 1596 quos
258 1522 365 1595 ingenti
380 1517 418 1598 (v.
435 1517 514 1596 826).
530 1520 662 1591 «Quibus
676 1522 819 1597 ingentem
836 1521 961 1595 aliquam
978 1521 1101 1594 praedam

46 1614 181 1684 delerat,
206 1613 279 1668 adeo
302 1623 334 1667 ut
360 1612 406 1668 illa
422 1613 451 1667 in
471 1624 585 1667 autrum
603 1613 717 1670 redacta
739 1623 905 1687 premantur
925 1611 1019 1668 catuli.
1038 1613 1103 1668 Hoc

46 1707 153 1778 adjicit
169 1715 296 1779 propter
309 1706 465 1760 ablactatos
476 1705 535 1777 jam
549 1716 577 1760 et
590 1705 713 1778 majores
735 1708 857 1774 catulos,
873 1706 925 1779 qui
942 1705 1001 1778 jam
1018 1723 1103 1760 carne

30 1803 36 1816 ⁸
47 1808 251 1853 vescerentur.
262 1821 274 1847 υ
292 1799 400 1853 Birra.

88 1891 263 1964 Astngrems
277 1887 314 1966 (v.
331 1887 408 1962 828).
428 1889 535 1944 Bartbii
551 1907 648 1944 omnes
663 1901 690 1944 et
707 1889 774 1945 Beh.
800 1909 810 1944 r
830 1909 837 1944 :
852 1888 1011 1960 astriferos.

95 1997 155 2050 Seu
170 2013 290 2069 magnae
302 1995 373 2049 data
384 1994 476 2066 sarna
489 1996 555 2049 neci
566 1992 606 2073 (v.
622 1991 700 2072 835).
714 1995 801 2050 Fama
815 2015 878 2070 quae
889 1993 1019 2050 comitari
1032 1997 1104 2052 solet

52 2087 277 2143 insolentiorent
290 2087 388 2140 mortis
402 2086 529 2141 modum.
538 2090 613 2146 Male
627 2087 716 2164 igitur
729 2089 764 2144 al.
774 2088 856 2143 multi
860 2089 932 2157 sata
945 2088 1102 2162 prosumo.

54 2183 86 2232 ln
103 2190 240 2234 extremo
249 2197 334 2234 versu
346 2179 452 2234 variam
467 2179 534 2234 olim
549 2181 686 2236 exstitisse
699 2181 851 2236 lectionem
864 2179 1025 2235 testimonio
1039 2191 1105 2235 sunt

53 2271 95 2323 lm·
111 2270 322 2345 explicationes
332 2271 521 2326 Lactantianae
537 2293 543 2327 :
564 2273 642 2328 «Seu
657 2275 726 2327 loetu
739 2275 887 2326 malonem.
902 2271 1044 2340 Quoniam
1054 2269 1105 2348 [sic

56 2360 129 2438 Pan}
149 2361 311 2438 gaudemus
331 2363 434 2418 arduas
450 2381 494 2419 res
513 2375 541 2418 et
559 2363 731 2437 periculosas
749 2363 898 2433 inchoare,
915 2381 1037 2436 quarum
1052 2382 1105 2419 uos

56 2465 159 2526 postea
177 2454 308 2529 poenitet.
321 2455 413 2511 Caeca.
429 2457 554 2527 lacertu,
570 2455 637 2532 quia
648 2455 791 2513 interdum
800 2476 862 2530 quae
871 2466 1005 2528 putamus
1018 2455 1104 2528 bona,

57 2550 129 2603 mala
146 2550 286 2604 eveniunt
301 2550 411 2605 exitu.»

97 2643 324 2717 Innumerasque
335 2644 442 2717 gradus
446 2683 455 2711 ,
467 2644 581 2716 gemma
596 2640 636 2719 (v.
651 2643 685 2705 84
710 2642 729 2715 J.
739 2667 749 2690 a
761 2638 942 2695 Admirabiiis
957 2640 1105 2713 periphra-

59 2734 93 2787 sis
113 2734 266 2791 scalarum.
280 2735 454 2808 Pomponius
468 2752 533 2790 sane
548 2732 576 2788 in
597 2738 747 2789 Armorum
759 2730 890 2802 judicio:

166 2924 231 2969 Tum
247 2938 294 2986 pre
310 2938 334 2971 te
349 2930 445 2988 portant
459 2920 627 2971 ascendibilem
643 2920 762 2977 semitam,

168 3009 249 3067 Quam
264 3006 348 3054 scalam
365 3014 457 3054 vocant.
466 3029 477 3047 a

434 3093 506 3137 anr.

65 3264 105 3319 lta
125 3277 185 3323 tarn
204 3267 233 3322 in
248 3269 307 3323 MS.
322 3266 477 3321 Lindeubr.
493 3284 579 3339 quam
592 3267 622 3321 in
635 3266 720 3322 Paris.
736 3268 811 3340 Lege
827 3267 970 3319 Picuvrus
983 3272 1013 3317 et
1024 3263 1114 3317 ucci-.

67 3366 139 3426 tant,
156 3372 190 3416 ut
205 3372 281 3416 recte
294 3360 489 3433 Lindeubrog.
509 3378 515 3414 :
534 3359 583 3413 sed
598 3359 722 3414 debebat
734 3357 818 3413 etium
828 3368 935 3431 portat.
953 3358 1039 3409 Deest
1051 3356 1107 3410 boc

65 3446 254 3523 fragmentum
271 3464 326 3507 tam
345 3454 374 3506 in
396 3452 569 3525 tragicorum
587 3451 803 3506 collectionibus
826 3468 912 3523 quam
929 3449 960 3502 in
979 3447 1107 3513 Eduardi

67 3540 177 3600 Munkii
210 3546 285 3601 libro
314 3566 320 3600 :
348 3548 380 3600 L.
409 3545 561 3619 Pomponii
580 3546 767 3599 Bononiensis
795 3545 992 3597 Atellanamm
1013 3553 1107 3614 poetoe

66 3630 239 3707 fragmenta.
258 3637 414 3711 Glogaviae‚
433 3635 517 3691 1826.

109 3741 236 3816 Unquam
255 3740 292 3820 (v.
315 3740 393 3819 860).
412 3742 428 3797 3
444 3742 574 3798 meliores
587 3740 653 3797 libri
667 3740 775 3797 barthii
789 3758 796 3794 ε
809 3758 935 3813 usquam.

108 3844 235 3902 Eminuit
247 3844 286 3923 (v.
306 3845 383 3923 871).
403 3850 457 3901 ΜΒ
472 3867 480 3902 t
495 3848 618 3913 emicuit,
628 3847 720 3920 pejus.
736 3846 818 3902 Alius
837 3864 844 3899 τ
859 3845 981 3898 exsiluit.

107 3952 268 4009 HunuIesne
285 3954 451 4029 Amphionis
472 3972 554 4009 arces
573 3952 611 4028 (v.
635 3951 713 4029 873).
740 3955 809 4008 lure
831 3949 953 4006 offendis
971 3948 1001 4001 in
1019 3947 1104 4002 bisce.
