2934 4950
46 338 79 397 (s.
99 335 172 397 ηδ.)
358 331 571 390 maatnos
593 334 702 390 LIBER
724 335 791 390 ΧΠ.

44 465 108 531 llis
131 459 240 556 placet
257 463 376 530 Actaeae
396 463 423 530 si
443 458 523 555 quid
541 459 719 530 clementia
739 461 849 555 gentis

43 589 190 652 Annuat
209 608 218 652 ε
237 596 428 674 εκπεηιωη
443 605 618 666 curarum,
633 605 673 650 ac
692 595 792 675 turpe
806 583 937 652 reverti.

96 708 145 774 At
161 728 230 774 non
243 689 400 801 ‘feminee
416 703 565 773 subitum
582 703 716 785 virtutis
733 703 897 776 honorem

44 823 191 921 Colligit
210 825 329 918 Argia,
349 847 495 918 sexuque
510 824 655 894 immane
671 821 789 894 relicto

44 951 190 1016 Tractat
207 969 292 1040 opus
313 969 320 1014 :
340 941 450 1039 placet
466 944 589 1041 egregii
607 969 680 1040 spes
701 946 787 1017 dura
806 945 922 1042 pericli

45 1068 215 1138 Cominus
234 1065 361 1136 infandi
383 1065 470 1161 leges
491 1065 649 1138 accedere
667 1069 762 1163 regni
783 1095 791 1138 :

45 1193 132 1280 Quo
151 1187 330 1282 Rhodopes
351 1213 418 1256 non
436 1185 505 1258 ulla
521 1211 626 1258 nurus
635 1206 650 1278 ,'
667 1215 726 1259 nec
745 1187 881 1260 alumna
895 1190 1003 1260 nivosi

44 1310 221 1398 Phasidis,
239 1291 392 1404 innuptis
409 1306 530 1379 vallata
546 1305 758 1400 cohortibus,
777 1312 849 1381 iret.

45 1436 148 1500 Tunc
169 1445 279 1500 movet
295 1445 366 1500 arte
385 1428 519 1518 dolum,
539 1455 607 1525 quc
626 1445 729 1501 semet
745 1433 788 1501 ab
808 1435 941 1528 agmine
959 1433 1027 1504 fido

46 1557 230 1647 segreget,
252 1553 461 1645 immitesque
480 1555 586 1640 Deos,
607 1577 785 1648 regemque
804 1568 983 1624 omentum

48 1674 263 1744 Contemtrix
283 1674 420 1761 animae,
440 1687 474 1744 et
491 1699 614 1768 magno
633 1675 811 1744 temeraria
826 1674 919 1745 luctu

47 1800 220 1863 Provocat
240 1819 248 1862 τ
269 1794 448 1864 hortantur
466 1796 584 1889 pietas,
604 1795 765 1890 ignesque
786 1795 911 1889 pudici.

46 1917 249 2011 Ipseetiam
266 1930 344 1986 ante
359 1914 474 1986 oculos
491 1917 583 1989 omni
600 1915 796 1987 manifestus
815 1919 850 1986 in
869 1933 946 1988 actu
1015 1913 1018 1920 ’

47 2042 153 2106 Nunc
171 2037 291 2132 hospes
312 2039 453 2126 miserae,
471 2039 594 2133 primas
614 2063 704 2110 nunc
721 2063 863 2134 sponsus
879 2039 923 2108 ad
943 2065 1039 2128 aras,

48 2161 153 2228 Nunc
173 2161 263 2228 mitis
283 2160 421 2254 conjux,
439 2185 530 2229 nuuc
543 2160 614 2254 jam
634 2160 696 2229 snb
712 2160 839 2230 casside
854 2175 950 2231 torva

50 2285 193 2350 Moe'stus
212 2281 246 2350 in
264 2280 436 2376 amplexu,
455 2279 666 2377 multumque
683 2307 704 2350 a
719 2277 834 2351 limine
849 2305 981 2352 summo
995 2344 998 2348 .

50 2403 244 2498 Respiciens
262 2429 270 2472 :
291 2402 459 2474 sed'nulla
473 2404 585 2472 animo
606 2403 803 2475 observatur
818 2405 929 2500 imago

50 2525 223 2607 Crebrior,
242 2526 340 2597 Aonii
359 2550 459 2620 quam
478 2551 551 2621 quae
565 2526 611 2594 'de
630 2526 793 2621 sanguine
812 2528 921 2621 campi

50 2645 154 2716 Nuda
172 2648 281 2734 venit,
299 2648 471 2742 poscitque
490 2662 589 2742 rogos
610 2674 618 2715 :
639 2645 691 2717 his
710 2648 809 2717 anxia
829 2661 977 2717 mentem

52 2767 217 2863 AEgrescit
237 2770 343 2853 curis,
362 2782 411 2857 et,
431 2768 489 2862 qui
505 2770 706 2837 castissimus
722 2767 834 2859 ardor,

50 2892 169 2958 Funus
187 2904 278 2958 amat
298 2915 305 2957 ε
326 2903 405 2959 tune
427 2888 469 2957 ad
486 2890 623 2959 comites
642 2914 802 2960 conversa
820 2889 974 2988 Pelasgas
993 2917 1001 2959 ε

100 3040 118 3073 α
129 3012 219 3098 Vos,
239 3012 301 3096 ait,
316 3015 442 3082 Actaeas
460 3012 565 3097 acies,
584 3006 864 3107 Marathoniaque
879 3038 971 3081 arma

50 3130 192 3219 Elicite‚
212 3131 424 3228 adspiretque
443 3134 499 3227 pic
519 3133 655 3204 fortuna
672 3131 789 3205 labori.

50 3256 111 3321 Me
132 3253 231 3323 sinite
247 3256 411 3351 Ogygias,
431 3244 530 3324 tantm
548 3280 622 3350 quae
636 3253 707 3324 sola
726 3257 832 3326 ruihae

50 3378 164 3444 Causa
180 3372 248 3461 fui,
267 3391 443 3470 penetrare
459 3374 596 3465 domos,
614 3391 647 3473 et
662 3375 803 3449 fulmina
819 3380 913 3475 regni

48 3495 166 3565 Prima
183 3498 279 3590 pati:
302 3522 362 3567 nec
383 3497 485 3597 surda
504 3498 580 3567 fere
601 3496 806 3591 pulsabimus
825 3500 918 3569 urbis

49 3618 186 3685 Limina
206 3644 214 3685 ε
233 3633 310 3687 sunt
330 3616 397 3689 illic
414 3620 519 3689 soceri
539 3618 640 3709 mihi,
661 3635 806 3715 suntque
825 3647 955 3692 sorores
1022 3669 1026 3679 .

50 3737 237 3835 Ccnjugis,
256 3754 290 3809 et
306 3740 439 3811 Thebas
455 3740 544 3810 haud
562 3727 749 3836 ignoranda
766 3742 895 3811 subibo.

50 3859 103 3925 Ne
126 3873 258 3930 tautum
278 3877 433 3933 revocate
452 3861 575 3957 gradus
593 3889 601 3931 ε
619 3860 676 3931 illo
694 3864 839 3958 impetus
860 3864 993 3961 ingens,

51 3981 309 4076 Auguriumque
329 3984 440 4053 animi.
459 4012 476 4049 c
495 3984 563 4054 Nec
579 3980 675 4079 plura
689 4010 696 4051 :
710 4009 882 4079 unumque
902 3988 1088 4073 Menoeten,
