2934 4950
391 785 448 889 P.
479 787 536 890 P.
576 785 825 892 STATII

266 1111 949 1293 SILVARUM

475 1506 649 1592 LIBER
681 1507 737 1590 11.

528 1831 689 1846 *³-

317 2085 380 2154 AD
407 2085 652 2154 MELIOREM
678 2085 898 2155 ATEDIUM.

90 2323 158 2451 Er
174 2375 382 2446 familiaritas
399 2390 526 2461 nostra,
542 2401 609 2471 qua
625 2376 769 2471 gaudeo,
785 2376 907 2446 Melior
921 2378 974 2446 vir
988 2380 1130 2475 optime,

90 2523 143 2567 nec
163 2501 278 2569 minus
296 2499 333 2565 in
349 2497 477 2592 judicio
495 2496 698 2587 litterarum,
714 2523 815 2592 quam
829 2500 864 2567 in
880 2500 973 2567 omni
988 2500 1064 2570 ritae
1079 2525 1132 2570 oo-

90 2614 152 2687 lore
167 2620 365 2705 tersissime,
383 2618 502 2713 etipsa
519 2618 757 2714 opusculorum
771 2643 844 2711 quae
861 2619 922 2688 tibi
938 2618 1034 2690 trado
1050 2646 1130 2691 con·

90 2738 164 2809 ditio
187 2744 235 2811 sic
261 2742 368 2836 posita
386 2754 449 2827 est,
470 2754 508 2809 ut
529 2754 618 2810 totus
635 2741 690 2810 hic
709 2740 794 2810 alter
813 2738 898 2810 liber
916 2766 1010 2810 meus
1029 2743 1130 2811 etiam

91 2861 153 2929 sine
167 2860 308 2957 epistola
326 2875 541 2956 exspectetur.
560 2863 711 2931 Primum
726 2862 817 2930 enim
835 2860 938 2930 babet
954 2860 1130 2932 Glauciam

91 2996 257 3069 nostrum,
276 2985 370 3077 cujus
392 2982 612 3078 gratissimam
633 2983 829 3071 infantiam,
846 2996 879 3051 et
899 2980 1033 3077 qualem
1056 2981 1129 3077 ple·

91 3125 223 3198 rumque
236 3102 382 3173 infelices
394 3104 596 3192 sortiuntur,
609 3103 699 3199 apud
713 3117 746 3172 te
757 3100 949 3198 complexus
965 3102 1128 3172 amabam.

90 3224 156 3292 lam
172 3250 253 3294 vero
269 3224 330 3293 tibi
345 3225 445 3318 hujus
461 3225 573 3294 amissi
588 3247 703 3293 recens
718 3222 840 3294 vulnus
856 3223 913 3321 (ut
926 3222 1007 3319 scis)
1023 3224 1130 3319 epioe·

92 3341 141 3412 dio
166 3322 360 3440 prosecutus
388 3370 477 3435 sum,
504 3344 587 3414 adeo
612 3345 823 3433 festinanter,
847 3360 886 3414 ut
907 3344 1129 3415 excusandam

92 3460 257 3535 habuerim
272 3466 444 3536 affectibus
462 3467 527 3535 tuis
543 3463 756 3535 celeritatem.
767 3468 838 3536 Neo
851 3491 941 3535 nunc
953 3490 1025 3535 eam
1038 3464 1129 3559 apud

92 3596 120 3651 te
134 3588 238 3679 jacto,
259 3587 318 3685 qui
338 3588 442 3674 nosti,
461 3587 518 3657 sed
538 3600 571 3655 et
591 3588 707 3656 ceteris
727 3586 859 3673 indico;
877 3612 920 3655 ne
939 3587 1013 3681 quis
1035 3610 1130 3680 aspe-

92 3706 171 3776 riore
189 3707 269 3777 lima
288 3732 424 3777 carmen
448 3710 633 3797 examinet,
652 3723 685 3778 et
703 3734 723 3777 a
739 3709 878 3779 confuso
898 3709 1075 3803 scriptum,
1096 3721 1129 3776 et

93 3822 208 3897 dolenti
223 3828 359 3917 datum,
380 3854 483 3924 quum
507 3855 600 3925 paene
617 3854 823 3925 supervacua
840 3830 907 3898 sint
927 3828 1022 3897 tarda
1040 3824 1128 3896 sola-

94 3948 141 4016 tia.
159 3948 257 4020 Pollii
276 3953 342 4021 mei
361 3949 451 4022 Villa
469 3952 665 4021 Surrentina
689 3976 764 4046 quae
787 3951 950 4044 sequitur,
971 3948 1086 4018 debuit
1109 3974 1128 4017 a

93 4090 138 4138 ne
153 4070 202 4141 vel
216 4074 251 4143 in
266 4073 432 4145 honorem
450 4071 647 4168 eloquentie
663 4075 732 4168 ejus
751 4072 943 4171 diligentius
962 4069 1028 4141 dici
1045 4096 1052 4138 ε
1070 4068 1128 4137 sed

221 4220 241 4263 l.
960 4190 981 4261 3
