2934 4950
314 436 354 493 IN
375 437 404 492 P.
425 439 455 491 Ρ.
477 435 604 493 STATll
623 435 730 494 mun.
752 437 822 494 LlB.
843 439 895 494 xl.
1073 441 1128 506 341

68 553 170 628 pauci
188 549 348 608 «moritura
370 551 495 626 ligabat,
513 575 525 601 n
549 552 599 608 sed
617 563 726 608 rectum
748 554 876 628 legebat,
894 554 931 610 de
951 573 1010 629 quo
1029 556 1131 611 Lart:

71 672 84 694 n
97 644 276 702 fortioribus
293 645 379 701 ramis
397 645 507 717 electis,
529 663 566 700 nc
589 645 685 720 sorte,¹
698 644 904 704 infirmioribus
927 646 1039 719 fractis,
1056 668 1133 705 rnor—

72 751 140 795 tem
159 738 292 812 corporis
310 738 393 794 ruina
407 737 570 794 declinaret.
588 763 599 788 ιι

122 834 254 888 Imbutus
277 833 421 888 amoribus
443 834 522 887 auloe
541 829 579 909 (v.
602 829 680 909 661).
705 830 741 888 ld
763 843 806 888 ert
824 833 990 890 crudelibus
1005 834 1133 908 deliciis,

71 946 136 1000 pro
155 925 204 995 iis,
225 944 289 1000 quae
306 925 398 981 lacere
413 934 487 980 amat
501 925 575 980 aula.
595 926 655 980 Prae
673 943 733 998 quo
753 924 839 1001 friget
860 926 1009 982 meliorum
1026 929 1133 983 Bartlrii

75 1030 109 1072 et
130 1021 180 1074 PR
194 1018 280 1073 lectio
295 1037 302 1071 ε
317 1017 448 1072 moribus.

122 1112 209 1167 Redit
220 1113 250 1166 iu
263 1129 359 1186 regem
377 1107 415 1184 (v.
434 1107 512 1186 668).
536 1107 695 1164 «Animum
713 1109 823 1186 regium
844 1110 962 1166 sumit»
984 1112 1072 1168 Lacr.
1092 1145 1131 1156 -

74 1205 197 1261 Deinde
222 1205 308 1262 codd.
332 1205 484 1278 permulti,
504 1203 526 1260 si
547 1222 607 1260 non
629 1221 743 1276 omnes,
769 1223 959 1280 «crocumque
979 1207 1130 1262 audentius

74 1300 195 1355 hostem
211 1297 388 1371 lncrepitans
403 1318 410 1352 τ
426 1322 440 1348 n
460 1296 544 1372 quod
561 1315 621 1351 non
633 1296 720 1352 video
734 1317 788 1353 cur
801 1297 888 1353 fuerit
901 1298 1091 1354 immutatum.

123 1392 214 1448 Crede
232 1389 323 1446 :lt'cet
343 1391 444 1446 veniat
457 1387 497 1468 (v.
515 1385 596 1466 666).
615 1389 767 1466 Distingue
781 1409 846 1446 cum
866 1391 984 1448 Barthio
999 1413 1007 1446 :
1024 1391 1130 1460 Crede,

75 1487 166 1540 licet:
179 1485 284 1540 venriet.

123 1577 233 1634 Coelum
247 1587 389 1649 tenorque
402 1575 503 1650 reliqui
518 1572 558 1652 (v.
575 1570 654 1653 692).
670 1599 682 1624 a
696 1575 803 1632 Melior
815 1576 955 1650 emphasis
971 1577 1132 1634 inlectione

75 1681 144 1744 opt.
161 1681 190 1726 et
215 1690 226 1726 1
244 1672 279 1727 al.
304 1688 312 1724 :
332 1687 379 1724 uc.
398 1681 559 1741 terramque
575 1685 599 1721 r.
605 1691 637 1738 ,t
659 1667 690 1722 id
712 1679 755 1724 est
772 1669 910 1725 elementa
931 1669 994 1745 ipsa
1011 1669 1083 1727 aeris
1104 1679 1133 1725 et

76 1775 166 1820 terrae
181 1783 189 1819 τ
206 1782 297 1838 quum
317 1762 439 1818 alterum
458 1759 531 1815 illud
551 1757 688 1833 regiones
700 1770 812 1816 tanturn
824 1759 952 1818 indicare
969 1762 1109 1818 videatur.
1119 1747 1144 1812 ι’

972 1857 1083 1912 Bunrn.
1138 1843 1142 1853 ¹

122 1949 169 2002 Ne
190 1967 246 2004 non
261 1966 332 2023 gens
346 1944 384 2025 (v.
400 1943 480 2025 697).
501 1947 547 2002 Sc.
569 1965 608 2013 an
625 1945 812 2002 metuendum
828 1947 979 2019 mihi-ort,
1000 1965 1051 2021 ne,
1078 1960 1131 2006 etc.

77 2043 140 2096 ΜΒ
154 2060 162 2094 :
178 2061 238 2096 ean
252 2059 312 2098 non
327 2058 353 2114 g.
363 2063 378 2092 u
394 2041 493 2096 Paullo
517 2050 585 2113 post
608 2038 643 2094 in.
656 2038 762 2095 versib.
778 2039 838 2115 699
861 2061 926 2116 sqq.
946 2041 1041 2098 ironia
1059 2042 1134 2099 inest

80 2133 269 2189 amarissima.
1015 2153 1018 2160 ·

122 2225 193 2300 Spes
207 2227 298 2282 anxia
312 2224 409 2280 mortis
430 2221 467 2301 (v.
485 2221 562 2300 715).
578 2222 625 2279 Sic
638 2223 725 2297 pauci
739 2223 826 2281 codd
840 2236 883 2297 et,
897 2237 931 2282 ut
946 2226 1070 2299 videtur,
1089 2247 1130 2286 re

80 2317 233 2375 centiores.
255 2317 378 2390 Antiqui
394 2315 514 2387 fluuii,
529 2315 703 2386 Lindenbr.‚
717 2317 817 2373 Behot.
834 2338 842 2372 ε
857 2320 1033 2391 «spesim'ta
1050 2338 1087 2375 rn.
1096 2344 1132 2392 ‚t

80 2410 165 2487 quod
179 2410 301 2467 offendit
315 2410 354 2465 ob
370 2428 490 2485 sequens
503 2409 634 2484 proxime
654 2409 751 2465 irritat.
772 2408 830 2466 Sed
850 2410 972 2485 optime,
988 2413 1132 2486 probante

80 2506 168 2562 etiam
188 2504 397 2577 web.,1>etr.,
416 2506 485 2579 Reg.
514 2522 543 2573 1,
564 2512 594 2559 et
617 2521 673 2576 pro
693 2521 720 2559 v.
737 2506 756 2559 l.
778 2505 874 2559 Burm.
894 2525 901 2559 :
921 2524 1004 2578 «spes
1023 2525 1131 2580 aspera

80 2618 162 2667 ηιμ
179 2597 264 2669 plane
277 2606 309 2651 ut
327 2596 417 2667 infra,
431 2594 562 2672 «egregii
580 2613 644 2669 spes
664 2594 738 2651 dura
757 2596 896 2669 pericli‚»
914 2616 973 2668 ιιι,
992 2616 1055 2673 379.

122 2690 203 2744 ΙιιναΥ
217 2701 245 2743 et
260 2688 440 2763 poscentibus
460 2708 557 2763 cequus
581 2686 619 2763 (v.
644 2685 723 2765 721).
753 2688 840 2745 Multi
863 2688 948 2744 codd.
975 2708 1010 2745 ex
1031 2689 1131 2761 bonis,

80 2783 168 2839 etiam
187 2784 307 2857 ollegg.
332 2801 339 2835 :
358 2792 409 2837 «et
421 2781 487 2853 jura
504 2780 690 2855 potentibus,
707 2803 719 2831 o
747 2781 796 2836 sed
817 2800 915 2837 vocem
938 2802 1036 2857 oequus
1054 2783 1133 2839 varie

80 2886 207 2945 mutant,
227 2875 340 2930 turbata
363 2874 431 2929 olim
453 2874 652 2947 distinctione,
672 2892 759 2947 quam
779 2874 819 2930 ita
839 2874 1009 2931 instauravit
1027 2875 1129 2932 Marll.

81 2971 124 3024 ad
136 2969 215 3038 Situ,
231 2988 270 3039 tv,
286 2968 320 3037 6,
339 2967 399 3041 69:

189 3188 196 3200 .
212 3188 219 3200 .
236 3189 242 3200 .
259 3188 265 3200 .
280 3154 357 3218 Opem
368 3150 460 3201 miseris
476 3160 501 3200 ct
513 3152 581 3217 juro,
597 3148 736 3217 potentibus
750 3166 830 3216 equus

189 3234 403 3303 Supplicibnrque,
418 3234 490 3285 debut
505 3251 511 3284 :

82 3420 221 3476 sententia
242 3418 370 3495 egregia!
393 3419 464 3475 lnde
486 3436 558 3473 vero
580 3418 662 3473 facile
687 3427 807 3491 apparet
831 3415 983 3490 quomodo
1006 3415 1042 3471 sit
1067 3425 1130 3472 orta

82 3512 167 3568 lectio
187 3513 309 3586 vulgata.

124 3607 183 3661 Nec
207 3608 292 3680 longa
307 3625 465 3682 precamur
485 3606 569 3660 Dona
579 3644 588 3672 ,
607 3596 719 3659 Creon:
737 3603 871 3658 mirerere
890 3602 966 3657 sento
985 3605 1131 3678 moestique

81 3700 209 3775 parentis
219 3695 256 3776 (v.
266 3699 322 3770 736
333 3697 396 3777 sq).
408 3698 488 3768 Quid
499 3698 572 3753 inter
584 3696 644 3752 haec
660 3708 776 3750 moestus
783 3698 915 3771 parens?
929 3695 1036 3751 Mirum
1049 3696 1130 3769 quod

84 3791 293 3865 obtemperavit
307 3810 392 3847 nemo
409 3790 542 3847 codicum
561 3808 640 3863 paene
655 3786 783 3843 omnium
797 3788 961 3862 scripturae:
976 3813 988 3837 ιι
996 3787 1129 3845 miserere

84 3884 349 3957 senis,moestosque
362 3884 495 3958 parentis.
506 3882 573 3950 Hic,
583 3899 694 3955 precor,
704 3880 751 3936 hic
759 3899 855 3937 manes
867 3880 984 3956 indulge
992 3898 1108 3953 ponere.
1117 3905 1130 3932 ι

128 3977 407 4055 Viresqueperactos
426 3975 464 4055 (v.
482 3974 558 4053 746).
574 3971 681 4031 Burthii
698 3976 935 4050 omnes,nRegg.
958 3983 986 4026 et
1004 3974 1038 4029 ol.
1056 3992 1062 4027 :
1078 3992 1125 4028 «v.

84 4073 220 4128 solutas.»
