2934 4950
44 451 77 511 (v.
90 448 163 510 aas.)
367 440 584 498 minimos
607 440 718 498 unna
739 439 789 497 ni.
1041 463 1093 514 ψ

41 578 190 667 Jamque
209 571 312 640 instat
325 566 417 658 telis,
434 583 468 638 et
485 584 664 662 utramque
681 567 839 662 obliquus
856 570 891 638 in
908 567 1024 640 ulnam

42 699 186 764 Cornua
202 692 369 788 contingit
388 714 569 778 mucrone,
587 706 621 760 et
638 705 775 786 pectora
793 717 919 762 nervo:

43 818 165 904 Quum
183 813 277 884 ducis
292 813 392 882 Aonii
408 836 532 906 magno
550 812 615 880 cita
632 812 768 882 turbine
785 815 896 908 cuspis

43 942 169 1007 Fertur
186 938 220 1005 in
238 935 432 1022 adversum,
451 935 610 1027 nervique
628 933 765 1028 obliqua
783 937 896 1003 sonori

44 1057 170 1128 Vincla
186 1071 294 1141 secat3
313 1071 456 1151 pereunt
472 1057 575 1142 ictus,
594 1056 818 1150 manibusque
838 1059 982 1126 remissis

45 1184 146 1250 Vana
164 1179 322 1273 supinato
341 1177 535 1247 ceciderunt
551 1175 677 1272 spicula
696 1203 812 1247 cornu.

45 1303 142 1370 Tunc
159 1301 309 1370 miseret
327 1297 439 1368 frenos
459 1299 631 1386 turbatus,
649 1314 683 1368 et
701 1325 794 1368 arma
811 1300 958 1387 remisit,

45 1421 209 1493 Vulneris
227 1421 422 1515 impatiens,
443 1420 573 1490 humeri
592 1444 658 1513 qua
676 1422 823 1516 tegmina
842 1421 949 1491 dextri

46 1547 212 1632 Intrarat,
233 1540 431 1638 facilemque
448 1557 558 1612 cutem
575 1541 664 1612 subit
684 1541 786 1612 altera
808 1545 937 1639 cuspis,

47 1641 315 1759 Cornipedisque
334 1661 448 1758 sugam
468 1664 597 1733 succiso
618 1661 746 1758 poplite
764 1665 861 1734 sistit.

47 1790 145 1858 Tunc
162 1783 252 1856 cadit
268 1786 339 1880 ipse
355 1788 480 1878 Dryas,
501 1787 644 1870 mirum,
662 1812 723 1856 nec
742 1785 888 1856 vulneris
905 1810 1046 1881 usquam

49 1908 232 1995 Conscius,
250 1905 330 1975 olim
349 1921 466 1975 auctor
485 1904 559 1990 teli,
578 1932 751 2002 causaque
769 1909 937 2003 patebant.

97 2035 143 2099 At
162 2054 248 2123 puer
263 2027 391 2098 infusus
411 2030 525 2116 sociis,
544 2030 577 2098 in
600 2028 698 2100 devia
717 2033 826 2126 campi

49 2148 210 2234 Tollitur,
229 2148 295 2218 heu
313 2147 452 2242 simplex
470 2145 567 2218 atas!
589 2153 802 2246 moriensque
815 2154 981 2246 jacentem

50 2271 166 2340 Flebat
184 2295 330 2364 equum:
352 2269 468 2339 cecidit
487 2261 597 2340 lanata
614 2272 740 2343 casside
759 2273 888 2360 vultus,

53 2397 219 2491 AEgraque
235 2417 296 2489 per
316 2392 465 2487 trepidos
484 2396 629 2488 exspirat
644 2395 752 2488 gratia
771 2395 877 2484 visus,

52 2520 94 2585 Et
109 2516 239 2611 prensis
257 2540 417 2584 concussa
435 2518 558 2605 comis,
579 2531 629 2584 ter
646 2514 748 2602 colla,
766 2531 951 2609 quaterque

53 2640 146 2707 Stare
162 2652 301 2733 negant,
319 2638 463 2735 ipsisque
481 2636 572 2707 nefas
593 2635 806 2731 lacrymabile
823 2636 963 2723 Thebis,

52 2762 126 2829 Ibat
144 2782 335 2855 purpureus
354 2759 453 2827 niveo
474 2758 515 2829 de
533 2773 666 2854 pectore
684 2758 828 2854 sanguis.

53 2880 200 2949 Tandem
215 2880 284 2949 liaec
301 2878 448 2975 singultu
464 2880 564 2949 verba
579 2880 748 2950 incidente
765 2878 940 2973 profatur:

100 3002 314 3071 «Labimurt
332 3002 359 3087 i,
379 3003 553 3090 miseram,
571 3004 720 3090 Dorceu,
739 3000 847 3071 solare
866 3015 1038 3096 parentem

55 3119 114 3191 llla
131 3120 286 3215 quidem,
307 3121 334 3189 si
354 3145 430 3190 vera
448 3120 559 3191 ferunt
577 3124 741 3218 praesagia
757 3147 861 3210 curae,

50 3230 119 3311 'Aut
138 3266 255 3310 somno
270 3242 342 3335 jam
360 3242 453 3311 triste
472 3242 581 3331 nefas,
601 3259 659 3312 aut
677 3246 789 3313 omine
808 3241 902 3312 vidit.

55 3366 104 3431 Tu
124 3377 234 3431 umen
250 3376 320 3431 arte
338 3363 393 3457 pia
413 3362 577 3456 trepidam
596 3364 779 3459 suspende,
797 3365 922 3458 diuque

57 3486 207 3578 Decipito
222 3509 231 3551 t
247 3506 312 3551 neu
335 3499 370 3552 tu
390 3484 536 3573 subitus,
559 3510 640 3554 neve
657 3508 751 3553 arma
769 3486 894 3553 tenenti

58 3606 209 3693 Veneris,
227 3617 261 3674 et
280 3603 413 3673 tandem
430 3631 534 3699 quum
549 3608 618 3701 jam
636 3631 755 3701 cogere
775 3604 889 3692 fateri,

59 3726 144 3795 Dic:
165 3766 208 3782 -
224 3728 353 3811 Merui,
371 3728 529 3822 genitrix,
549 3752 683 3823 poenas,
703 3728 807 3796 invita
825 3750 995 3821 capessens

62 3852 154 3917 Arma
170 3872 255 3944 puer
270 3850 384 3943 rapui,
403 3876 464 3918 nec
483 3864 515 3919 te
536 3852 702 3919 retinente
719 3850 852 3943 quievi:

61 3972 127 4040 Nec
143 3970 204 4039 tibi
223 3967 373 4040 sollicitae
394 3970 511 4040 saltem
529 3974 615 4041 inter
634 3969 721 4040 bella
737 3972 882 4065 peperci.

60 4094 139 4161 Vive
153 4094 269 4189 igitur,
289 4093 467 4187 potiusque
484 4095 603 4163 animis
626 4095 766 4161 irascere
784 4094 927 4163 nostris:
