2934 4950
4 413 5 476 3
59 417 143 468 ‚aa
391 403 585 460 surarum
605 403 714 460 uana
736 405 758 460 1.
1064 403 1096 458 15

4 563 5 630 ξ
58 533 191 617 Omina,
208 532 280 624 jam
298 531 380 599 lesta
401 530 507 598 servet
527 529 645 598 domus
663 544 804 622 utraque
820 552 967 622 pompa:

4 653 5 710 l
58 648 181 719 Fronde
201 651 313 717 virent
329 663 461 744 postes,
480 648 639 744 effulgent
655 650 801 742 compita
819 647 976 736 flammis,

59 777 93 840 Et
108 795 187 864 pars
205 771 377 838 immensae
396 769 519 864 gaudet
534 768 749 838 celeberrima
766 772 890 838 Rome.

60 892 170 960 Omnis
190 890 321 975 bonos,
341 890 453 958 cuncti
473 889 614 958 veniunt
633 887 676 957 ad
696 886 811 957 limina
831 887 932 958 fasces
953 914 965 976 ·,

61 1013 171 1078 Omnis
191 1008 324 1104 plebeio
344 1010 464 1077 teritur
482 1022 640 1103 praetexta
655 1006 812 1076 tumultu.

61 1133 115 1198 Hic
130 1155 234 1224 eques
240 1181 252 1218 ,
273 1129 328 1197 hic
341 1130 504 1222 juvenum
521 1142 607 1197 cmtu
628 1127 712 1196 stola
732 1129 835 1196 mixta
854 1127 992 1198 laborat.

60 1250 177 1320 Felices
195 1265 358 1342 utrosque
374 1261 516 1333 vocant3
535 1245 593 1316 sed
612 1249 648 1316 in
668 1248 801 1342 agmine
820 1245 932 1341 plures

60 1369 208 1439 Invidere
229 1371 313 1436 viro.
333 1367 537 1436 iamdudum
555 1379 648 1461 poste
669 1364 801 1435 reclinis

60 1491 184 1579 Quaerit
203 1491 338 1581 Hymen
355 1485 509 1556 thalamis
527 1487 689 1556 intactum
706 1484 816 1554 dicere
833 1510 982 1572 cumen,

60 1613 131 1698 Quo
150 1622 267 1676 vatem
286 1604 432 1676 mulcere
450 1620 550 1700 queat
570 1633 578 1675 :
600 1605 658 1674 dat
675 1609 765 1675 June
784 1604 931 1674 verenda

60 1727 213 1816 Vincula,
231 1740 267 1795 et
282 1727 405 1821 insigni
421 1727 567 1820 geminat
581 1723 770 1795 Concordia
785 1723 877 1793 taeda.

62 1851 117 1916 Hic
131 1848 197 1916 fuit
213 1844 272 1914 ille
289 1845 358 1915 dies
374 1871 384 1914 ε
399 1857 531 1914 noctem
545 1859 643 1914 canat
657 1846 727 1939 ipsc
741 1845 889 1913 maritus.
924 1907 928 1915 .

63 1972 232 2054 Quantum
249 1990 345 2035 nosse
361 1965 454 2051 lieet,
469 1967 514 2034 sic
529 1967 616 2033 victa
632 1967 751 2058 sopore
767 1962 882 2032 doloso

64 2088 177 2154 llartia
194 2084 355 2154 fluminea
369 2086 481 2178 posuit
496 2083 582 2152 latus
597 2082 659 2152 Ilia
674 2085 748 2178 ripa
763 2109 772 2150 z

66 2207 131 2274 Xon
148 2204 226 2274 talis
243 2207 357 2273 niveos
371 2205 505 2272 strinxit
519 2204 659 2272 lavinia
675 2200 803 2288 vultus,

65 2325 171 2411 Quum
184 2328 305 2393 Turno
318 2337 489 2417 spectante
503 2320 614 2408 rubet3
631 2346 698 2390 non
717 2320 857 2391 Claudio
874 2320 946 2390 talis

66 2445 213 2539 Respexit
230 2440 389 2538 populos,
404 2455 495 2511 mota
507 2444 577 2536 jam
593 2443 688 2537 virgo
702 2443 825 2512 carina.

105 2568 207 2636 Nunc
221 2589 324 2658 opus,
340 2561 511 2633 Aonidum
527 2563 677 2650 comites,
692 2561 928 2656 tripodumque
943 2562 1099 2648 ministri,

66 2686 204 2754 Diversis
221 2698 350 2753 certare
364 2672 495 2751 modis:
512 2696 566 2751 eat
580 2682 700 2751 enthea
715 2682 808 2750 vittis

67 2808 168 2897 Atque
182 2801 317 2872 hederis
333 2802 487 2871 redimita
499 2801 632 2889 cohors,
648 2814 687 2869 ut
701 2799 804 2895 pollet
820 2801 933 2868 ovanti

66 2924 209 3017 Quisque
227 2920 313 3016 lyra3
328 2920 386 2991 sed
402 2922 564 3015 praecipue
580 2921 638 3015 qui
654 2917 767 2988 nobile
781 2944 895 3016 gressu

68 3046 217 3111 Eruemo
232 3039 392 3111 fraudatis
407 3064 506 3134 epos,
523 3039 598 3109 date
614 3040 762 3109 carmina
776 3039 866 3108 festis

68 3163 169 3256 Digna
188 3163 269 3229 toris
285 3186 294 3228 ε
309 3160 399 3230 hunc
414 3162 501 3254 ipse,
517 3162 588 3229 Coo
604 3157 798 3254 plaudente,
816 3156 958 3226 Philetas

69 3280 349 3373 Callimachusque
363 3303 475 3366 senex,
493 3279 689 3372 Umbroque
703 3278 895 3372 Propertius
910 3290 1007 3345 antro

71 3402 251 3471 hmbissent
267 3398 403 3469 laudare
417 3398 520 3486 diem,
537 3424 598 3468 nec
615 3400 715 3468 tristis
732 3400 767 3466 in
784 3398 862 3492 ipsis

70 3521 152 3589 Naso
166 3521 294 3609 Tomis,
309 3518 465 3613 divesque
480 3520 553 3589 foco
569 3518 700 3587 lucente
714 3514 874 3586 Tibullus

71 3643 122 3710 hle
133 3655 217 3710 certe
231 3665 302 3709 non
318 3662 407 3709 unus
424 3661 529 3725 amor,
544 3635 749 3732 simplexque
764 3632 905 3703 canendi

72 3762 170 3830 Causa
183 3760 285 3830 trahit
301 3785 310 3827 τ
329 3771 441 3827 tecum
455 3756 577 3825 similes
590 3758 778 3850 junctaeque
792 3753 976 3835 Gammae,

73 3877 181 3969 Stella,
194 3880 294 3967 mihi3
311 3876 524 3970 multumque
538 3900 633 3969 pares
647 3872 848 3942 bacchamur
864 3870 905 3939 ad
921 3894 1009 3957 aras,

74 4000 109 4064 El
125 4002 238 4070 sociam
252 3999 362 4069 doctis
377 3997 551 4066 haurimus
568 3995 609 4063 ab
626 3992 778 4063 amnibus
794 3990 928 4061 undam.
