2934 4950
110 414 218 479 tent.)
431 416 644 475 rtmssmos
665 416 775 473 mam
797 418 819 472 ι.
1093 412 1147 487 ,89

109 543 204 609 Tecta
223 538 348 634 replet,
369 565 576 636 vacuumque
596 540 706 611 ferens
726 538 892 611 velamine
910 553 1025 634 pectus

109 661 261 729 Occurrit
281 658 429 729 confessa
448 664 560 755 patri:
578 686 638 731 nec
658 678 786 750 motus,
802 676 837 731 et
855 676 930 730 atro

109 782 267 874 Imperat,
288 778 481 849 infandum!
504 784 691 876 cupientem
710 782 910 852 occumbere
926 778 1004 849 leto.

108 901 185 969 Sero
203 924 336 969 memor
353 897 647 989 thalami,'moestae
666 901 785 971 solatia
804 901 923 987 morti,

108 1019 247 1107 Phoebe,
264 1044 385 1113 paras:
402 1036 589 1091 monstrum
605 1021 749 1091 infandis
764 1022 955 1091 Acheronte
968 1022 1031 1091 sub
1048 1023 1115 1091 imo

108 1142 313 1235 Conceptum
331 1141 556 1212 Eumenidum
577 1138 730 1233 'thalamis
748 1169 756 1210 :
773 1143 826 1211 cui
846 1142 986 1237 virginis
1004 1166 1082 1229 ora,

107 1262 324 1355 Pectoraque,
343 1274 504 1330 aeternum
521 1262 664 1331 stridens
681 1287 702 1329 a
722 1262 970 1357 verticersur‘git

108 1384 149 1451 Et
163 1381 390 1477 ferrugineam
409 1380 555 1451 srontem
575 1382 782 1457 discriminat
796 1384 928 1477 anguis.

108 1504 182 1570 llaec
198 1515 269 1570 tam
290 1500 364 1609 dira
379 1499 450 1571 lues
466 1517 631 1571 noctumo
648 1501 919 1597 sqdalidapassu

109 1619 198 1691 lllabi
214 1620 384 1710 thalamis,
404 1622 599 1716 animasque
619 1646 637 1690 a
656 1622 760 1716 stirpe
780 1634 928 1691 recentes

108 1740 264 1849 Abripere
280 1738 437 1810 altricum
457 1740 605 1835 gremiis,
623 1764 806 1834 morsuque
822 1754 962 1839 cruento

109 1864 264 1951 Devesci,
287 1874 322 1931 et
340 1858 484 1930 multum
505 1861 614 1955 patrio
633 1862 848 1955 pinguescere
867 1859 972 1930 luctu.

110 1980 203 2051 Haud
222 1978 301 2051 tulit
321 2004 492 2051 armorum
509 1996 666 2075 praestans
684 1982 855 2075 animique
873 1958 1050 2069 Coroebus,

110 2104 210 2197 Seque
228 2100 322 2172 ultro
332 2099 433 2171 lectis
447 2102 629 2196 juvenum,
646 2102 703 2195 qui
721 2100 843 2172 robore
860 2102 961 2196 primi

110 2226 237 2293 Famam
254 2222 445 2318 posthabita
460 2219 571 2291 faciles
587 2220 765 2291 extendere
785 2223 867 2310 vita,

111 2342 236 2413 Obtulit
252 2369 260 2412 :
280 2340 340 2413 illa
355 2350 460 2411 novos
476 2341 546 2410 ibat
563 2337 723 2436 populata
738 2354 879 2440 ⁴penates

110 2465 280 2536 Portarum
291 2464 332 2547 in
347 2462 438 2534 bivio
454 2487 463 2531 ε
481 2459 576 2532 lateri
593 2460 662 2529 duo
674 2485 817 2556 corpora
834 2486 975 2556 parvum

111 2587 326 2682 Dependent,
346 2599 380 2655 et
396 2584 466 2679 jam
487 2606 574 2662 unca
591 2605 709 2652 manus
727 2578 884 2651 vitalibus
903 2582 1024 2674 heret,

110 2709 297 2802 Ferratique
316 2729 445 2802 ungues
459 2703 653 2782 tenero'sub
675 2701 775 2805 corde
792 2703 980 2798 tepescunt.
1094 2752 1097 2756 -

110 2827 230 2897 Obvius
250 2827 347 2916 huic,
364 2823 452 2895 latus
467 2849 567 2900 omne
583 2824 693 2892 virum
709 2823 853 2916 stipante
868 2846 1010 2912 corona,

110 2950 139 3015 It
152 2947 302 3046 juvenis,
323 2945 515 3041 ferrumque
530 2945 647 3041 ingens
663 2943 725 3013 sub
744 2957 878 3039 pectore
895 2943 969 3013 diro

111 3065 289 3138 Condidit:
308 3080 410 3162 atque
430 3067 512 3138 imas
527 3065 646 3134 animae
665 3087 828 3134 mucrone
847 3066 989 3154 corusco

113 3191 281 3260 Scrutatus
297 3187 455 3276 latebras,
474 3185 609 3256 tandem
625 3210 685 3267 sua
699 3199 849 3256 monstra
863 3185 1031 3289 profundo

110 3318 225 3389 Reddit
248 3317 376 3391 habere
391 3320 465 3389 lovi
483 3345 491 3388 ι
507 3319 604 3414 juvat
624 3306 693 3410 ire,
711 3336 746 3390 et
761 3322 869 3391 visere
880 3323 974 3416 justa

109 3435 259 3512 liventes
277 3442 314 3510 in
337 3457 444 3513 morte
459 3440 590 3526 oculos,
610 3442 765 3540 uterique
784 3440 962 3512 nefandam

108 3556 314 3650 Pmluriem,
335 3576 370 3631 et
389 3553 501 3633 crasso
513 3560 707 3657 squalentia
727 3575 865 3656 pectora
885 3559 983 3651 tabo,

108 3679 179 3768 Qua
198 3696 321 3752 nostrae
340 3681 489 3754 cecidere
509 3683 627 3752 animae
642 3707 651 3750 ε
666 3696 777 3776 stupet
796 3680 921 3750 Inacha
934 3680 1062 3776 pubes:

107 3797 291 3898 Magnaque
312 3818 388 3900 post
408 3805 570 3900 lacrymas
587 3803 771 3872 etiamnum
790 3800 912 3899 gaudia
930 3796 1069 3897 pallent.

108 3919 148 3989 Ili
164 3927 314 3996 trabibus
336 3928 447 4023 duris,
467 3924 584 3996 solatia
599 3948 688 3993 vana
703 3921 830 4013 dolori,

107 4039 274 4117 Proterere
294 4048 462 4117 exanimes
481 4059 590 4134 artus,
611 4066 794 4150 asprosque
813 4040 956 4113 molares
