2934 4950
382 431 575 488 sumunt
595 433 705 490 LIBER
725 435 759 492 V.
1046 432 1097 490 151

83 551 1102 587 *mmmmmmmmmmmmmmm

532 869 610 954 ΙΙΙ.

454 1190 704 1267 EPICEDION.

407 1415 447 1462 IN
464 1416 615 1464 PATREM
634 1416 748 1465 SUUM.

500 1723 658 1742 *—

116 2006 184 2074 lusu
198 2005 301 2075 malas
319 2008 420 2095 vires,
439 2020 473 2075 et
490 2004 705 2076 lamentabile
723 2031 857 2078 carmen

81 2123 171 2218 Elysio
187 2127 226 2197 de
241 2127 335 2202 fonte
353 2128 451 2216 mihi,
467 2125 669 2222 pulsumque
687 2129 828 2198 sinistrae

80 2249 132 2332 Dr,
148 2251 274 2344 genitor
293 2247 466 2344 praeclare,
486 2245 566 2344 lyrae
583 2276 591 2317 :
609 2273 719 2343 neque
738 2251 826 2322 euim
849 2265 946 2321 antra
968 2274 1102 2322 movere

80 2367 171 2459 Delia,
184 2395 244 2442 nee
263 2370 395 2441 solitam
414 2371 463 2444 fas
480 2385 532 2440 est
548 2368 718 2466 impellere
738 2372 902 2469 Cyrrhum

80 2490 116 2557 Te
128 2492 198 2562 sine.
216 2492 359 2587 Corycia
378 2491 543 2587 quidquid
562 2491 662 2561 modo
680 2492 825 2562 Phoebus
843 2494 877 2563 in
894 2493 1030 2579 umbra,

80 2612 231 2707 Quidquid
249 2615 291 2683 ab
310 2615 458 2683 Ismariis
475 2613 685 2686 monstrabat
700 2610 842 2683 collibus
858 2617 967 2699 Euan,

80 2732 210 2804 Dedidici
227 2763 237 2805 ε
255 2735 370 2830 fugere
384 2760 476 2805 meos
491 2736 650 2807 Parnasia
667 2735 775 2803 crines

81 2852 205 2945 Vellera,
224 2856 459 2951 funestamque
477 2854 581 2925 ederis
599 2846 746 2950 irrepere
763 2870 878 2925 taxum

82 2976 231 3066 Sustinui,
250 2977 500 3071 trepidamque,
519 2973 625 3045 nefas!
642 3001 791 3045 arescere
810 2975 961 3065 laurum,

80 3092 127 3163 Ille
142 3122 214 3192 ego,
230 3098 485 3193 magnanimum
503 3098 561 3190 qui
575 3096 663 3167 facta
680 3094 833 3167 attollere
850 3122 969 3192 regum

81 3213 156 3287 Ibam
169 3218 274 3289 altum
292 3221 437 3315 spirans,
453 3207 667 3312 Martemque
687 3242 819 3313 aequare
837 3218 997 3289 canendo.

82 3336 147 3423 Quis
160 3339 261 3409 sterili
280 3365 353 3409 mea
371 3338 473 3411 corda
490 3340 572 3429 situ,
594 3340 686 3433 quis,
704 3337 860 3435 Apolline
878 3363 992 3427 verso,

81 3457 192 3553 Frigida
211 3460 375 3532 damnatae
395 3459 560 3557 praeduxit
580 3458 696 3531 nubila
712 3460 844 3529 menti?

81 3578 158 3652 Stant
174 3585 298 3653 circum
315 3584 465 3654 attonitae
479 3598 605 3670 uatem,
627 3599 661 3655 et
681 3582 729 3652 nil
748 3581 845 3653 dulce
866 3599 1021 3654 sonantes

80 3701 136 3771 Nee
153 3705 262 3801 digitis
282 3729 344 3775 nec
360 3730 442 3775 voce
461 3704 529 3775 deae
548 3732 556 3775 :
575 3707 642 3775 dux
661 3706 749 3801 ipsa,
769 3702 878 3777 silenti

81 3822 158 3895 Fulta
174 3843 276 3923 caput
293 3827 442 3916 eithara3
459 3825 567 3921 qualis
583 3842 660 3923 post
678 3826 816 3919 Orphea
836 3840 972 3919 raptum

81 3942 210 4038 Adstitit,
229 3948 356 4037 ssebre,
378 3948 454 4034 tibi,
474 3973 612 4017 cernens
625 3948 696 4041 jam
715 3946 818 4016 surda
838 3948 983 4017 ferarum

81 4065 216 4160 Agmina,
231 4085 265 4140 et
283 4070 439 4142 immotos
454 4068 587 4141 sublato
603 4070 750 4141 carmine
768 4068 870 4141 lucos.
