2934 4950
81 486 194 543 (ena,
378 481 589 540 unanimos
611 482 719 540 nrum
742 480 824 537 mu.
1065 478 1123 556 ης

79 606 220 704 Impulit
235 633 242 676 :
260 608 329 677 ibat
345 622 440 678 alm
458 608 558 677 linem
576 610 726 703 positura
746 604 859 676 duello

80 732 213 801 Iaoeea
228 755 238 800 τ
253 745 449 801 convertere
465 728 580 800 oculos
592 731 761 825 utrimque
774 728 922 797 faventes

79 849 209 920 Sidonii
229 852 390 947 Graiique
406 853 468 924 Dei
484 878 493 922 z
508 848 652 921 crudelis
673 852 816 945 Erinnys

79 970 220 1062 Obstat,
240 987 274 1043 et
291 973 428 1043 infando
444 972 557 1043 differt
570 971 725 1043 Eteoclea
739 970 846 1042 fraui.

79 1094 200 1188 Cuspis
217 1094 254 1164 in
272 1095 475 1190 armigerum
489 1091 671 1191 Phlegyam
690 1092 863 1190 peccavit,
880 1090 940 1163 ubi
955 1091 1073 1186 ingens

79 1214 195 1308 bagua
210 1214 321 1285 virum
339 1241 347 1283 ι
365 1216 483 1285 stricto
500 1239 579 1285 nam
596 1214 713 1285 saevior
728 1214 829 1285 irruit
844 1234 923 1284 ense

78 1331 229 1423 AEtolus,
248 1348 406 1429 retroque
423 1334 540 1405 datum
557 1316 717 1405 Thebana
733 1334 891 1431 tegebant

77 1454 184 1522 Arma
201 1452 320 1525 ducem
335 1479 344 1523 :
359 1456 406 1525 sic
424 1454 528 1524 densa
544 1452 662 1549 lupum
675 1454 748 1549 jam
768 1469 868 1525 nocte
885 1454 1036 1525 subatra

76 1575 180 1643 Amet
195 1572 239 1643 ab
257 1598 422 1670 apprenso
439 1591 613 1671 pastorum
633 1575 731 1645 turha
746 1576 913 1671 juvenco:

77 1693 257 1788 Improhus
273 1696 414 1792 erigitur
430 1711 564 1785 contra3
583 1721 647 1766 nec
664 1720 746 1767 cura
763 1710 914 1766 vetantes

76 1816 262 1910 Impetere,
281 1814 395 1904 illum,
415 1816 528 1907 illum,
546 1814 648 1889 semel
667 1818 703 1887 in
720 1842 819 1913 quem
840 1833 991 1907 venerat,
1010 1832 1118 1913 urget.

124 1936 208 2007 Non
226 1960 319 2005 secus
338 1937 486 2031 objectas
504 1939 607 2025 acies,
623 1955 734 2009 tamen
753 1962 814 2007 ora
830 1937 1013 2023 Thoantis,

75 2054 292 2144 Dissimulat,
312 2060 498 2154 hausitque
517 2084 618 2129 manu
638 2086 646 2128 :
664 2060 864 2153 turbamque
880 2058 1043 2128 minorem

75 2181 218 2247 Pectora
234 2176 406 2265 Deilochi,
424 2178 536 2251 Clonii
554 2179 657 2269 latus,
675 2177 731 2249 ilia
752 2181 841 2251 torvi

76 2297 232 2369 Perforat
247 2299 469 2395 llippotadae:
487 2303 615 2370 truncis
635 2302 860 2370 sua‘memhra
877 2299 1015 2369 remittit

75 2418 269 2510 Interdum,
288 2420 464 2518 galeasque
482 2437 571 2493 rotat
588 2448 648 2520 per
664 2420 781 2492 nubila
802 2420 926 2519 plenas.

77 2546 122 2612 Et
137 2542 212 2638 jum
228 2527 426 2639 corporibus
444 2569 531 2634 sese,
551 2542 730 2639 spoliisque
747 2543 922 2612 cadentum

75 2663 277 2735 Clauserat:
297 2691 402 2736 unum
421 2669 507 2738 acies
525 2669 651 2738 circum
670 2667 892 2752 consumitur3
911 2687 1015 2735 unum

75 2786 203 2857 Omnia
221 2784 286 2857 tela
303 2803 450 2858 vovent:
467 2790 605 2859 summis
624 2789 696 2858 haec
714 2788 843 2858 ossibus
860 2787 1005 2872 haerent3

75 2911 159 2978 Pars
178 2907 337 2978 frustratu
354 2903 498 3000 cadunt,
517 2926 645 3006 partem
663 2910 816 2980 Tritonia
834 2905 943 2995 vellit,

75 3027 188 3098 Multa
207 3030 318 3127 rigent
335 3029 452 3127 clypeo
470 3057 478 3102 ε
495 3031 606 3102 densis
624 3032 694 3125 jam
713 3032 862 3100 consitus
881 3028 983 3098 hastis

76 3153 252 3220 Ferratum
273 3153 381 3245 quatit
396 3153 499 3222 umbo
518 3177 651 3241 nemus,
670 3169 831 3249 tergoque
848 3151 971 3220 fatiscit

77 3275 187 3366 Atque
205 3271 352 3342 humeris
368 3273 500 3369 gentilis
517 3298 598 3369 aper
615 3299 623 3343 ε
643 3297 809 3369 nusquam
827 3272 932 3342 ardua
950 3273 1026 3340 coni

78 3393 215 3482 Gloria,
238 3396 364 3490 quique
379 3397 507 3491 apicem
527 3411 631 3466 torva·
650 3397 820 3466 Gradivus
841 3393 986 3464 habehat

78 3513 245 3603 Casaidia,
264 3515 354 3587 haud
370 3515 482 3587 laetum
501 3517 639 3588 domino
657 3519 726 3588 ruit
742 3542 842 3587 omen
857 3543 865 3585 :
883 3518 993 3584 inusta

78 3635 298 3731 Temporibus
314 3638 405 3708 nuda
419 3663 485 3710 tera
506 3639 640 3727 sedent,
659 3639 853 3731 circumque
870 3637 983 3706 sonori

80 3756 215 3827 vertice
235 3781 393 3853 percusso
408 3759 591 3831 volvuntur
607 3763 642 3828 in
660 3783 753 3828 arma
768 3755 921 3827 molares.
934 3833 939 3842 1

79 3879 151 3944 Jam
168 3903 271 3948 cruor
289 3881 325 3949 in
345 3881 457 3977 galea,
475 3883 545 3976 jam
565 3883 677 3952 saucia
696 3879 824 3977 proluit
838 3893 909 3948 ater

82 3997 219 4068 Pectora
240 4003 423 4096 permixtus
440 4005 562 4075 sudore
580 4020 614 4076 et
631 4005 793 4098 sunguine
813 4015 955 4071 torrens.

128 4123 280 4219 Respicit
297 4123 468 4197 hortantes
489 4130 598 4198 socios
617 4142 650 4196 et
669 4123 806 4202 Pallada
820 4121 943 4212 fidam,
