2934 4950
369 433 421 503 176
681 429 893 486 ruunnoos
913 429 1022 484 unna
1042 429 1078 482 x.
1315 429 1403 490 (aas.)
1440 414 1441 463 1

364 560 603 653 AEthiopasque
622 556 721 645 alios,
742 555 825 625 nulli
845 553 1061 651 penetrabilis
1078 568 1183 642 astro,
1211 632 1238 673 γ’

364 685 476 750 Lucus
496 681 603 766 iners,
623 681 802 773 subterque
816 680 911 747 'cavis
926 700 1030 772 'gram
1043 676 1183 770 rupibus
1200 690 1339 743 antrum
1440 674 1441 723 5

364 806 397 870 It
415 827 558 870 vacuum
574 802 610 874 in
628 816 793 888 montem,
813 825 879 893 qua
898 797 1020 868 desidis
1038 799 1124 866 atria
1142 797 1277 882 Somni,
1440 844 1441 929 q

365 924 593 1017 Securumque
611 922 711 992 larem
730 924 838 1016 segnis
858 925 990 992 Natura
1008 917 1140 987 locavit„
1440 934 1441 1015 l

365 1047 483 1114 Limen
503 1071 609 1140 opaca
625 1047 750 1133 Quies,
769 1061 801 1114 et
818 1045 913 1139 pigra
933 1040 1068 1110 Oblivia
1084 1056 1239 1124 servant,
1440 1024 1441 1029 ἵ

365 1171 411 1235 Et
426 1192 597 1260 nunquam
616 1166 706 1262 vigili
728 1181 863 1260 torpens
883 1164 1022 1258 Ignavia
1039 1160 1145 1230 vultu.

365 1289 444 1357 Otia
463 1287 646 1376 vestibulo,
667 1287 853 1381 pressisque
867 1284 1010 1354 Silentia
1025 1284 1144 1377 pennis

365 1412 462 1478 Muta
482 1409 617 1496 sedent,
634 1409 839 1502 abiguntque
856 1422 967 1476 truces
985 1432 1005 1473 a
1023 1402 1166 1474 eulmine
1185 1417 1323 1490 ventos,

366 1535 408 1599 Et
424 1556 534 1599 ramos
551 1555 662 1600 errare
682 1544 817 1618 vetant,
835 1545 868 1598 et
889 1551 1062 1597 murmura
1082 1526 1224 1594 demunt

366 1651 509 1722 Alitibus
533 1679 540 1721 :
562 1677 631 1722 non
652 1653 706 1721 hic
726 1650 852 1745 pelagi,
870 1648 951 1719 licet
969 1649 1081 1720 omnia
1099 1646 1248 1716 clament

366 1775 502 1861 Litora,
522 1799 590 1842 nou
613 1772 680 1842 illic
693 1772 766 1841 coeli
785 1771 898 1867 fragor
917 1799 925 1839 :
947 1775 1019 1867 ipse
1038 1768 1215 1865 profundis

368 1893 519 1965 Vallibus
540 1895 701 1991 effugiens
724 1894 889 1991 speluncae
905 1895 1076 1989 proximus
1095 1894 1201 1961 amnis

367 2019 453 2085 Saxa
474 2019 562 2085 inter
579 2016 799 2112 scopulosque
820 2032 907 2085 tacet
921 2044 929 2083 :
945 2016 1114 2110 nigrantia
1132 2017 1257 2084 circum
1395 2097 1398 2100 ⁴

368 2146 542 2225 Armenta,
563 2162 662 2207 omne
682 2136 753 2206 solo
774 2137 912 2206 recubat
928 2163 1045 2231 pecus,
1064 2151 1099 2204 et
1118 2161 1205 2204 nova
1223 2151 1369 2204 marcent

369 2261 550 2347 Germina,
568 2241 799 2354 terrarumque
817 2258 955 2328 inclinat
973 2260 1109 2355 spiritus
1127 2258 1258 2326 herbas.

369 2379 463 2450 Mille
481 2383 570 2450 intus
589 2379 766 2450 simulacra
779 2384 844 2450 Dei
861 2380 1034 2454 caelaverat
1050 2380 1172 2450 ardens

368 2502 557 2607 Mulciber:
577 2505 632 2572 hic
648 2505 751 2573 haeret
769 2503 865 2572 lateri
883 2504 1039 2573 redimita
1056 2503 1244 2597 Voluptas,

368 2626 430 2694 Hic
450 2651 558 2695 comes
580 2629 614 2695 in
632 2628 780 2720 requiem
800 2651 941 2723 vergens
958 2627 1071 2695 Labor
1091 2652 1100 2693 ε
1119 2641 1169 2694 est
1186 2626 1244 2693 ubi
1263 2623 1382 2695 Baocbo

368 2750 429 2815 Est
447 2749 504 2817 ubi
523 2750 718 2844 Martigenae
734 2751 864 2848 ¹socium
880 2750 1036 2842 pulvinar
1053 2750 1168 2818 Amori

369 2871 510 2940 Obtinct
528 2899 536 2939 :
558 2873 697 2941 interius
715 2886 840 2939 tectum
855 2871 890 2938 iu
910 2868 1137 2965 penetralibus
1153 2870 1229 2941 altis
1309 2889 1313 2896 '

274 3034 276 3043 =
368 2996 410 3061 Et
430 3018 508 3061 cum
522 2996 633 3062 Morte
647 2994 734 3087 jacet
752 3019 760 3060 ε
780 2990 931 3085 nullique
950 3017 988 3060 ea
1008 2994 1111 3061 tristis
1133 2994 1256 3088 imago.

368 3117 443 3207 Ipse
460 3129 590 3203 autem,
609 3138 731 3183 vacuus
752 3117 858 3202 curis,
873 3115 1042 3183 humentia
1061 3102 1182 3184 subter¹

368 3242 474 3305 Antra
495 3233 679 3329 soporifero
699 3238 839 3331 stipatus
859 3236 956 3325 flore,
979 3251 1106 3331 tapetas

369 3361 511 3429 Incubat
532 3387 539 3428 :
559 3358 716 3431 exhalant
733 3374 861 3447 vestes,
878 3374 911 3427 et
929 3384 1071 3453 corpore
1089 3361 1185 3454 pigro

371 3484 483 3549 Strata
500 3480 623 3569 calent,
642 3505 808 3575 supraque
826 3495 938 3549 torum
956 3482 1053 3576 niger
1071 3481 1163 3550 efflat
1180 3481 1299 3551 anbelo

264 3692 266 3697 ι
371 3606 439 3671 (lre
458 3628 563 3698 vapor
583 3630 590 3671 :
613 3627 731 3673 manus
749 3604 820 3672 haec
839 3602 929 3671 fusos
949 3626 969 3670 a
989 3618 1136 3698 tempore
1156 3602 1238 3673 laevo
1440 3605 1441 3664 l

369 3728 540 3795 Sustentat
557 3727 682 3815 crines;
701 3725 771 3793 baec
790 3749 895 3794 cornu
914 3723 1019 3794 oblita
1039 3727 1176 3795 remisit.

267 3866 274 3873 '
370 3848 500 3919 Adsunt
517 3848 702 3919 innumero¹
714 3850 841 3918 circum
859 3874 944 3943 vaga
963 3851 1102 3917 Somnia
1119 3848 1236 3933 vultu,

369 3974 459 4040 Vera
479 3969 577 4040 simul
598 3969 704 4059 falsis,
722 3972 952 4065 permixtaque
971 3971 1079 4037 tristia
1099 3968 1243 4040 blandis.
1277 4003 1282 4013 ·

370 4094 486 4164 Noctis
500 4117 605 4187 opaca
621 4092 761 4181 cohors,
778 4088 1011 4183 trabibusque,
1030 4106 1087 4159 aut
1102 4094 1254 4187 postibus
1269 4092 1394 4163 herent,
