2934 4950
347 450 404 508 266
721 443 1019 502 suttormontns

388 570 428 625 Bt
444 562 511 640 n'po
523 566 654 620 eornm
666 563 759 618 muas
769 561 905 637 Cecropi>
920 571 1053 638 stagnata
1065 563 1122 618 luto
1131 558 1170 641 (v.
1189 561 1263 641 ¹⁰9)·
1279 567 1304 620 Ι.
1319 585 1344 621 ρ,
1359 569 1399 622 hi.

347 659 506 718 ruudiuum
525 654 580 736 (ex
598 659 709 713 Procne
730 654 897 711 Atheniensi
919 651 1058 732 ortorum)
1072 672 1160 730 opere
1175 668 1314 734 congesto·
1331 677 1399 715 mu.

347 755 417 810 nitu.
431 754 476 809 De
489 750 585 808 verbis
606 749 674 806 vide
690 751 830 819 Murro,
849 748 885 804 de
897 741 933 804 re¹
950 748 1007 804 buo
1029 749 1243 806 transferendus
1257 762 1301 808 est
1321 754 1401 810 loeus

347 845 449 915 Plinii,
462 846 534 900 Hist.
548 855 605 898 not
612 882 623 910 ,
637 860 670 912 x,
685 841 735 912 33,
749 851 815 896 sect.
833 845 869 915 49
884 860 891 894 ι
911 864 923 890 u
935 841 970 896 ln
982 841 1100 917 AEgypti
1112 841 1305 900 heracleotico
1326 845 1401 902 ostio

347 934 542 1020 (hirundines)
555 933 890 992 molemeontinuatione
903 933 1039 990 nidorum
1054 935 1185 1011 evaganti
1197 937 1264 992 Nilo
1273 937 1402 1012 inexpu-

347 1032 491 1111 gnabilem
504 1033 671 1104 opponunt,
680 1026 765 1084 studii
778 1026 837 1088 len
849 1025 935 1084 tutius
944 1025 1037 1102 spatio
1052 1047 1060 1082 ε
1074 1027 1155 1102 quod
1168 1028 1297 1086 humano
1312 1048 1402 1104 opere

347 1123 451 1202 perfici
467 1141 528 1180 non
540 1131 645 1197 potest.
666 1122 703 1176 ln
714 1118 816 1182 eadem
828 1119 955 1196 AEgypto
972 1119 1055 1192 juxta
1068 1121 1209 1195 oppidum
1223 1121 1343 1196 Copton
1357 1123 1401 1177 in-

347 1221 411 1277 sula
437 1227 481 1274 est
503 1234 582 1272 saera
607 1213 690 1284 loidi,
711 1231 800 1288 quam
819 1231 856 1268 ne
875 1214 983 1268 laomet
1006 1213 1109 1284 amnis,
1131 1213 1237 1270 eodum
1263 1214 1402 1272 muniunt

348 1330 450 1388 opere,
473 1308 676 1384 incipientibus
694 1307 789 1363 vernis
807 1305 925 1376 diebus,
943 1307 1026 1379 palea
1049 1317 1079 1362 et
1098 1317 1253 1363 stramento
1272 1321 1402 1368 rostrum

349 1400 382 1481 (i.
400 1403 565 1480 elinguem
579 1409 795 1457 excurrentem:
810 1401 925 1468 Goon,
942 1399 1056 1467 otuu,
1071 1417 1101 1476 p.
1119 1393 1191 1474 ηδ)
1203 1399 1265 1472 ejus
1279 1399 1400 1460 firman-

348 1509 403 1567 tes,
417 1493 592 1552 continuatis
603 1512 658 1568 per
670 1490 800 1549 biduum
813 1490 948 1549 noctibus
964 1507 972 1546 ε
989 1501 1070 1570 tauto
1084 1491 1199 1565 labore,
1212 1503 1246 1550 ut
1257 1497 1365 1553 multas
1373 1498 1401 1551 in

348 1608 437 1664 opere
454 1587 545 1644 emori
559 1597 676 1643 constet.
691 1586 732 1642 Eu
744 1583 846 1642 militia
862 1583 917 1640 illie
934 1601 999 1640 oum
1017 1601 1093 1640 anno
1112 1583 1188 1642 redit
1200 1603 1322 1660 semper.
1333 1611 1346 1638 ι
1364 1619 1401 1630 -

347 1684 449 1739 Insula
462 1681 619 1756 Memphis.
634 1680 657 1735 1.
672 1697 697 1735 e.
711 1697 777 1753 quse
790 1677 932 1736 extraneis
945 1695 1024 1734 saure
1037 1695 1088 1734 sua
1101 1687 1130 1734 et
1143 1677 1293 1753 antiquam
1308 1682 1400 1738 soien-

347 1775 417 1830 tiam
431 1774 558 1829 invideat
571 1789 666 1846 neque
679 1771 891 1829 communicare
903 1770 981 1826 velit.
995 1772 1040 1828 Ita
1057 1770 1117 1826 iere
1134 1772 1301 1830 Beroaldus.

391 1867 561 1940 Tberupmei
573 1864 611 1942 (v.
631 1863 706 1941 ιιι).
721 1863 943 1934 L'aeedaernonii,
957 1881 974 1924 a
988 1865 1125 1937 Canopo,
1141 1865 1265 1922 Menelai
1285 1869 1396 1942 guber-

347 1973 458 2018 nature.

392 2046 774 2127 Letlroeusjout'tor(v.1ro).
789 2047 953 2105 Gronovius
966 2048 1041 2107 bene
1056 2049 1197 2108 intellexit
1209 2051 1246 2108 de
1259 2053 1396 2110 Anubide

346 2155 515 2225 κωοκιφᾰλῳ,
533 2163 622 2220 quare
636 2144 764 2201 Cerbero
778 2142 842 2199 euni
855 2160 922 2200 eum
935 2141 1129 2201 assimilaverit
1152 2145 1275 2217 Statius3
1290 2149 1395 2205 mttluu

347 2252 390 2297 est
403 2241 439 2297 de
451 2241 505 2295 bac
518 2257 562 2308 re,
576 2257 605 2313 p.
625 2237 679 2309 187
694 2256 758 2312 sqq.

388 2333 505 2388 Blando
524 2351 583 2406 qno
604 2349 699 2386 merso
711 2348 822 2386 veneno
848 2326 885 2404 (v.
913 2325 988 2404 119).
1004 2328 1092 2401 Quod
1111 2329 1242 2404 aspidum
1256 2351 1397 2390 venenum

348 2437 466 2501 torpore
480 2434 508 2481 et
521 2441 623 2481 somno
637 2419 823 2495 conficiebat;
838 2432 867 2477 et
879 2421 971 2497 mergi
981 2430 1024 2479 est
1037 2420 1157 2477 verbum
1171 2422 1207 2479 de
1221 2443 1324 2482 somno
1339 2428 1395 2484 nsi·

348 2529 446 2574 tatum.
460 2518 529 2573 Non
542 2534 616 2591 opus
629 2516 807 2588 conjectura,
817 2514 946 2589 alioquin
960 2525 1058 2584 acuta,
1071 2514 1234 2573 Marklandi
1249 2538 1255 2573 :
1274 2532 1395 2577 oetento.

388 2612 509 2667 Sidoniis
530 2611 631 2665 derata
643 2608 725 2664 codis
745 2605 783 2686 (v.
807 2604 883 2684 140).
906 2608 982 2677 Quia
1001 2606 1113 2663 sidonia
1132 2619 1160 2665 et
1177 2610 1251 2686 tyria
1269 2623 1395 2688 pin-pura

350 2705 483 2779 dibapha.
502 2703 576 2760 Vide
595 2704 717 2758 Murri.
821 2690 823 2697 ’

390 2801 484 2856 Cunus.
502 2800 553 2852 111.
577 2800 644 2852 Duo
659 2795 745 2853 codd.
761 2797 850 2852 Gron.
867 2805 895 2849 et
915 2794 1037 2871 Rbedig.
1055 2816 1062 2850 τ
1079 2798 1241 2855 Consolatio
1256 2803 1299 2855 od
1312 2802 1394 2858 Cluu-

349 2896 427 2950 dium
453 2893 612 2947 Etruscum.
635 2894 679 2947 De
700 2890 764 2946 viro
786 2890 846 2945 haeo
866 2888 1011 2948 Domitius
1035 2909 1046 2943 t
1070 2890 1236 2948 «Claudius
1262 2896 1393 2950 bruneus

350 2990 527 3062 Smyrnam,
542 2973 637 3039 servili
652 2980 819 3039 conditione
828 2984 950 3037 Romam
964 2970 1128 3054 translatum,
1143 2984 1173 3038 in
1192 2984 1393 3059 imperatorum

350 3082 415 3136 atila
428 3077 559 3145 servivit,
578 3076 687 3132 Tiberii
705 3075 848 3150 primurn,
867 3094 958 3149 aquo
974 3074 1105 3132 libertate
1119 3088 1160 3133 est
1181 3077 1312 3136 donatus.
1327 3082 1393 3137 Mox

349 3174 381 3228 in
395 3173 459 3228 aula
478 3170 611 3244 Caligula
631 3169 748 3237 mansit}
763 3180 791 3224 et
805 3167 917 3224 Claudii
937 3187 988 3249 qur
1008 3169 1154 3240 successit;
1172 3180 1200 3225 et
1219 3170 1348 3227 Neronis.
1370 3178 1391 3227 A

351 3263 516 3321 Domitiano
530 3262 561 3316 in
576 3260 705 3316 exsilium
718 3246 824 3321 missus·
833 3271 891 3333 est,
906 3280 997 3337 quum
1011 3259 1041 3315 in
1061 3280 1093 3317 re
1107 3262 1197 3317 aerarii
1210 3258 1285 3339 (sive
1302 3267 1393 3339 potius

350 3357 434 3430 fisci:
449 3356 534 3412 fuisse
547 3355 622 3412 enim
635 3353 752 3411 videtur
767 3357 949 3430 dispeusator
958 3353 1150 3428 inperatoris,
1166 3355 1201 3411 cl.
1217 3358 1345 3414 Grvnr.
1358 3358 1391 3413 ad

351 3470 378 3505 v.
394 3450 432 3509 86
444 3449 457 3528 )
468 3447 691 3504 administranda
712 3447 769 3505 levi
787 3447 915 3523 quodum
934 3466 1031 3503 errore
1048 3449 1144 3521 lapsus
1164 3460 1251 3520 esset;
1269 3452 1392 3527 lacrymis

352 3556 381 3599 et
394 3544 500 3617 pietate
513 3540 564 3597 filii
576 3542 672 3598 reditu
686 3543 840 3617 impetrato
853 3535 1008 3598 revocatus¹
1017 3552 1067 3597 est.
1083 3544 1181 3613 Quum
1197 3543 1234 3599 ud
1247 3546 1391 3618 nonagesi-

351 3656 430 3694 mum
447 3636 535 3690 aetatis
547 3652 652 3691 aunum
668 3635 859 3710 pervenisset,
873 3644 1004 3694 mortuus
1018 3634 1112 3693 illutus
1125 3645 1169 3691 est
1188 3638 1298 3691 tornulo
1316 3654 1390 3691 uxo-

352 3730 404 3801 ris,
423 3726 544 3784 defletus
560 3729 632 3784 mira
645 3728 752 3802 pietate
770 3725 852 3782 filii.»

394 3819 555 3895 Nigrusque
569 3833 659 3896 putot
671 3839 844 3895 proposuere
863 3838 970 3877 sorores
983 3816 1022 3895 (v.
1040 3817 1097 3897 nr).
1112 3820 1234 3895 Egregie
1251 3819 1389 3887 Heinsius,

354 3915 495 3991 probante
509 3914 594 3970 etiam
602 3915 720 3985 Markl,
728 3916 848 3989 pigram
864 3914 945 3988 quod
959 3914 1017 3971 sine
1031 3930 1112 3969 tuom
1121 3912 1313 3987 recipiendum
1325 3924 1389 3969 erat.

394 4011 429 4063 V.
451 4015 488 4081 49
508 4026 550 4082 sq.
573 4010 621 4064 Sic
639 4008 799 4064 Martianus
814 4008 928 4081 Capella
950 4008 1029 4081 apud
1048 4005 1172 4063 Markl:
1189 4004 1389 4080 «Alternisque

354 4103 427 4179 regit
442 4111 471 4158 et
483 4101 592 4178 regitur
608 4102 722 4175 polus.»
1293 4094 1296 4101 '
