2934 4950
330 373 386 440 264
633 373 890 434 acurunmos
912 371 1027 428 arnna
1047 371 1070 426 r.
1263 372 1369 432 aanor
1448 416 1449 421 a

328 501 436 570 Trade
451 501 662 596 mugiensis
676 500 744 570 fata
757 523 899 597 parens:
916 498 1129 592 nequeenim
1143 494 1200 566 ille
1214 495 1371 581 dedisset,

329 625 364 694 Si
381 621 496 693 molles
515 623 647 693 habitus
665 636 699 693 et
716 620 860 717 tegmina
878 618 966 690 foeda
983 619 1080 688 fateri

328 749 419 816 Ausa
436 745 506 814 seui
525 770 533 813 ε
553 760 633 815 tunc
650 743 706 813 ille
723 744 846 813 refert:
866 773 884 809 a
897 746 994 831 Duc,
1013 744 1157 838 optima,
1172 767 1307 836 quaeso,

328 871 404 936 Duc
423 867 584 963 genitrix,
601 864 788 960 humilique
803 869 895 937 Dens
913 864 1061 961 infringe
1076 880 1227 961 precatu.

330 992 418 1060 Nam
434 1003 593 1084 superant
607 1003 663 1058 tua
678 1002 757 1058 vota
772 985 932 1075 modum,
950 986 1180 1083 placandaque
1194 986 1342 1058 multum

329 1109 528 1181 Invidiaest
543 1135 552 1179 z
570 1135 638 1180 uon
656 1108 745 1179 addo
762 1125 909 1196 metum,
928 1109 986 1178 sed
1003 1134 1084 1178 vera
1101 1109 1256 1179 fatebor:

329 1233 451 1304 Nescio
468 1229 550 1326 quid
568 1256 727 1327 magnum
745 1230 828 1328 (nec
843 1256 897 1300 me
913 1233 1026 1326 patria
1041 1233 1157 1301 omina
1173 1230 1315 1326 fallunt)

329 1355 389 1422 Vis
407 1352 527 1424 festina
545 1367 662 1448 parat,
682 1355 883 1447 tenerosque
901 1356 1097 1448 supervenit
1113 1378 1231 1424 annos.

330 1473 423 1546 Olim
439 1474 527 1544 ferre
546 1477 653 1544 minas
671 1475 820 1544 erobire
839 1473 955 1546 audita
973 1474 1103 1545 solebat

329 1599 494 1692 imperia,
509 1613 544 1668 et
560 1599 684 1667 nostris
703 1595 822 1694 procul
839 1596 932 1666 haud
948 1596 1120 1666 discedere
1140 1597 1184 1691 ab
1202 1600 1322 1668 antris.

329 1721 428 1792 Nunc
447 1718 542 1789 illum
562 1745 630 1789 ncn
648 1722 734 1788 Ossa
758 1720 867 1813 capit,
887 1745 955 1790 non
974 1719 1091 1789 Pelion
1112 1721 1252 1815 ingens,

329 1841 549 1914 Thessaliaeve
566 1842 659 1910 nives
669 1865 683 1910 v:
701 1841 766 1936 ipsi
785 1841 868 1911 mihi
888 1867 975 1937 saepe
986 1841 1182 1936 queruntur

330 1965 490 2036 Centauri
510 1979 689 2059 raptasque
708 1962 847 2053 domos,
863 1965 1098 2060 abstractaque
1114 1989 1233 2037 coram

332 2093 510 2175 Armenta,
528 2100 563 2155 et
581 2086 708 2182 campis
728 2102 833 2156 semet
850 2077 1026 2183 fluviisque
1042 2083 1164 2184 fugari.

330 2207 471 2278 Insidias
487 2223 520 2278 et
539 2205 626 2277 bella
644 2223 786 2304 parant,
805 2209 993 2303 tumidique
1003 2211 1195 2280 minantur.

331 2329 422 2401 Olim
439 2329 613 2424 equidem,
631 2333 762 2425 Argoos
779 2332 878 2425 pinus
899 2355 1004 2425 quum
1021 2330 1181 2402 Thessala
1202 2357 1298 2429 reges

332 2457 402 2522 Hae
421 2451 578 2539 veheret,
594 2453 753 2547 juvenem
775 2450 933 2544 Alciden,
953 2468 987 2523 et
1005 2453 1243 2541 Thesea'vidi3

331 2574 397 2644 Sed
416 2590 520 2645 taceo.
535 2605 552 2640 a
566 2576 656 2671 Figit
674 2574 803 2670 gelidus
821 2575 968 2660 Nereida
985 2573 1103 2671 pallor.

381 2695 441 2766 llle
458 2697 573 2767 aderat
588 2695 698 2766 multo
717 2697 857 2784 sudore,
874 2714 907 2769 et
926 2698 1064 2796 pulvere
1081 2700 1201 2793 major.

333 2824 486 2890 Attamen
506 2798 599 2889 arina
616 2819 713 2908 iuter,
730 2819 972 2915 festinatosque
991 2820 1144 2911 labores,

331 2940 450 3013 Dulcis
469 2940 580 3011 adhuc
598 2942 671 3011 visu
682 2992 692 3030 ,
712 2943 812 3011 niveo
832 2957 926 3013 natat
944 2945 1030 3040 ignis
1049 2947 1085 3015 in
1103 2972 1164 3016 ore

332 3067 543 3159 Purpureus,
563 3061 723 3157 fulvoque
741 3064 824 3133 nitet
839 3090 937 3135 coma
956 3067 1084 3162 gratior
1099 3092 1194 3137 auro.

222 3236 223 3241 κ
332 3188 403 3255 Nec
422 3184 503 3255 dum
523 3186 631 3280 prima
650 3209 737 3255 nova
755 3184 914 3282 lanugine
933 3189 1076 3258 vertitur
1091 3205 1190 3274 retas,

331 3304 600 3402 Tranquillaeque
614 3307 701 3377 faces
720 3306 844 3397 oculis,
855 3324 900 3379 et
917 3308 1062 3405 plurima
1078 3310 1173 3381 vultu

334 3430 442 3499 Mater
459 3430 568 3499 inest:
584 3427 691 3523 qualis
708 3431 809 3527 Lycia
825 3447 966 3502 venator
983 3432 1106 3529 Apollo

331 3553 450 3640 Quum
469 3551 574 3641 redit,
594 3566 627 3621 et
644 3552 738 3621 saevis
757 3568 928 3649 permutat
945 3553 1071 3649 plectra
1089 3557 1269 3651 pharetris.

334 3678 433 3745 Forte
452 3691 486 3746 et
505 3673 600 3746 laetus
616 3654 710 3777 adest
724 3677 760 3775 (o
776 3694 944 3773 quantum
960 3680 1083 3776 gaudia
1098 3679 1216 3751 forma²

248 3836 251 3843 ·
335 3796 505 3891 Adjiciunt
517 3794 571 3893 !):
592 3795 704 3869 foetam
726 3798 869 3870 Pholoes
888 3802 950 3871 suh
968 3828 1052 3898 rupe
1070 3801 1208 3875 leaenam

197 3939 201 3947 ·
333 3918 524 3989 Perculerat
538 3920 643 4008 ferro,
662 3924 843 4018 vacuisque
862 3922 1043 4020 reliquerat
1062 3930 1167 3998 antris
1257 3999 1263 4012 A
1370 3976 1384 3997 .

334 4044 465 4135 Ipsam,
486 4040 541 4111 sed
562 4043 688 4114 catulos
708 4061 884 4141 apportat,
901 4050 1069 4120 etincitat
1087 4076 1229 4148 ungues.
