2934 4950
40 440 41 447 κ
71 413 158 475 [tlt-l
372 413 564 470 levsntm
582 415 690 471 LIBER
710 417 758 470 IV.

158 541 197 606 Et
213 551 320 631 grates
336 563 419 632 ago,
438 540 645 633 servitusque
664 540 747 609 tanti
763 555 833 627 est,

153 657 251 745 Quod
267 657 329 725 sub
349 671 383 725 te
399 656 505 744 duce,
525 672 558 726 te
573 660 730 753 jubente,
750 660 851 744 cessi3

157 775 252 863 Quod
269 791 307 845 tu
328 777 492 880 maximus
507 779 649 867 arbiter,
666 802 815 873 meaeque

40 984 41 987 Ἴ
158 897 275 993 Victor
286 911 468 991 perpetuus
483 894 591 992 legere
607 898 698 992 ripae.

40 1078 41 1119 3
157 1017 195 1084 Et
211 1040 301 1085 nunc
320 1015 425 1084 limite
439 1042 493 1086 me
509 1015 589 1086 eolis
606 1019 723 1114 beato,

157 1139 223 1206 Nee
239 1139 375 1208 sordere
388 1139 487 1232 siiris,
500 1144 691 1239 malumque
704 1145 771 1214 late

156 1263 315 1357 Deterges
334 1262 454 1332 sterilis
475 1263 536 1334 soli
557 1265 740 1358 pudorem,

156 1383 222 1450 Nec
237 1407 294 1451 me
309 1382 505 1477 pulvereum
520 1408 722 1478 gravemque
738 1411 832 1454 coeno

155 1503 316 1597 Tyrrheni
332 1504 424 1571 sinus
440 1504 560 1572 obruet
575 1504 730 1597 profundi
743 1531 752 1590 ;

156 1621 270 1711 Qualis
287 1623 474 1717 Cinyphius
492 1606 622 1693 tacente
636 1624 709 1719 ripa

155 1744 269 1812 Poenos
289 1742 440 1836 Bagrada
458 1743 559 1837 serpit
576 1744 665 1811 inter
683 1768 800 1839 agros3

158 1862 219 1932 Sed
240 1862 317 1933 talis
332 1862 437 1950 ferar,
452 1879 492 1932 ut
507 1865 636 1932 nitente
651 1889 750 1933 cursu

155 1981 385 2079 Tranquillum
402 2009 493 2054 mare
509 1985 766 2080 proximumque
782 1989 906 2079 possim

157 2107 244 2174 Puro
256 2107 390 2200 gurgite
405 2129 587 2200 provocare
603 2107 720 2175 Lirim.
733 2134 751 2169 a

116 2297 119 2302 ,
155 2229 231 2294 llaec
247 2227 386 2312 Amnis3
405 2227 595 2319 pariterque
612 2249 648 2293 se
664 2223 793 2294 levabat

156 2347 285 2440 lugenti
307 2343 405 2439 plaga
425 2359 625 2413 marmorata
645 2343 755 2418 dorsu.

200 2467 309 2562 Hujus
321 2468 443 2561 janua,
462 2490 726 2560 prosperumque
744 2461 844 2533 limen

159 2594 283 2677 Arcus,
297 2586 447 2682 belligeri
462 2588 566 2655 Ducis
582 2586 739 2679 trophaeis

158 2712 198 2777 Et
215 2712 295 2778 totis
314 2711 477 2802 Ligurum
498 2709 608 2775 nitens
626 2702 789 2787 metallis,

40 2923 41 2932 ἵ
157 2831 308 2920 Quantus
326 2825 441 2896 nubila
457 2828 514 2922 qui
533 2840 671 2895 coronat
688 2825 797 2895 imbri.

40 2995 41 3030 t
76 3019 82 3033 ,
156 2949 223 3020 Illic
241 2950 388 3021 flectitur
403 2950 509 3017 exitus
525 2949 677 3031 riarum,

158 3069 226 3141 lllic
245 3070 358 3165 Appia
373 3093 407 3138 se
422 3067 513 3137 dolet
527 3067 672 3163 relinqui
689 3094 697 3135 ε
750 3088 756 3097 ’

40 3199 41 3206 ’
157 3196 247 3262 Tune
267 3189 414 3261 velocior
433 3191 608 3282 acriorque
627 3212 763 3271 cursus,

158 3316 248 3382 Tunc
263 3314 353 3407 ipsos
366 3312 463 3404 juvat
478 3312 622 3405 impetus
635 3307 788 3404 jugales,

159 3436 225 3504 Ceu
239 3434 333 3503 fessis
351 3432 409 3501 ubi
427 3432 591 3527 remigum
608 3427 740 3499 lacertis

157 3557 288 3641 Primae,
309 3554 443 3622 carbasa
463 3549 653 3639 ventilatis,
671 3574 771 3619 aurae.

159 3680 244 3773 Ergo
264 3700 402 3762 omnes,
425 3699 505 3769 age,
526 3697 599 3766 quae
619 3672 681 3740 sub
700 3646 760 3740 axe
780 3670 889 3765 primo

159 3799 298 3867 Romani
316 3796 424 3866 colitis
440 3794 540 3863 fidem
558 3792 731 3887 parentis,

40 3971 41 4002 ἶ
160 3920 265 3989 Prono
280 3918 389 3987 limite
406 3928 589 3985 commeate
605 3927 719 4009 gentes
740 3939 747 3979 :

40 4053 41 4062 ’
162 4043 232 4110 an
248 4042 348 4110 citius
364 4038 476 4107 venite
496 4036 629 4123 laurus,
