2934 4950
298 389 336 505 αἶ
648 431 678 484 r.
699 427 822 484 runnu
844 423 966 480 srsrn
1240 417 1365 480 (aso.)

299 562 399 628 Mons
416 555 520 652 nitet)
535 558 696 624 instantes
717 551 775 622 scd
792 551 943 645 proxima
963 568 1110 640 quaerere
1127 542 1231 611 nimbi

301 678 508 764 Suadebant,
524 674 658 770 laesique
672 669 762 742 fides⁴
771 671 918 741 reditura
932 668 1047 736 sereni.

283 844 288 870 t
348 799 464 869 Stabat
477 797 566 866 dicta
579 795 680 866 sacris
695 794 804 862 tenuis
821 815 909 880 casa,
927 789 1063 858 nomine
1076 783 1205 879 templi;

297 925 342 990 Et
358 943 516 1014 magnum
533 914 675 987 Alciden
694 911 815 983 humili
828 911 899 980 lare
917 911 1020 1005 parva
1031 906 1216 1002 premebat,

298 1039 511 1133 Fluctivagos
524 1051 662 1124 nautas,
678 1031 945 1126 scrutatoresque
961 1029 1121 1126 profundi
1134 1029 1147 1094 .'

297 1162 364 1228 Vix
382 1160 514 1254 operire
533 1181 657 1251 capax:
674 1154 741 1224 huc
757 1151 865 1222 om'nis
881 1151 979 1220 turba
996 1129 1143 1234 coimus;

298 1283 373 1348 Huc
385 1276 507 1373 epulae,
522 1276 673 1370 ditesque
691 1274 775 1362 tori,
791 1285 962 1364 coetusque
978 1270 1167 1338 ministrum

298 1401 488 1493 Stipnntur,
508 1395 687 1490 nitidaeque
706 1393 827 1464 cohors
842 1392 1029 1487 gratissima
1047 1387 1160 1458 Pollae.

297 1522 378 1591 Non
391 1543 509 1613 cepere
524 1517 627 1604 fores,
645 1528 853 1612 angustaque
870 1510 982 1581 deficit
996 1510 1091 1580 edes.
1112 1515 1114 1520 ’

298 1639 457 1725 Erubuit,
479 1638 617 1730 risitque
633 1639 745 1721 Deus,
759 1632 946 1726 dilectaque
960 1629 1045 1701 Polli
1077 1639 1080 1644 '

298 1757 410 1826 Corda
427 1757 533 1840 subit,
550 1753 749 1848 blandisque
766 1754 915 1822 animum
936 1749 1167 1845 complectitur
1183 1747 1292 1819 ulnis:

347 1877 484 1963 «Tune,
500 1875 624 1970 inquit,
640 1874 779 1968 largitor
792 1898 910 1968 opum,
931 1874 988 1966 qui
1005 1885 1117 1940 mente
1136 1869 1272 1965 profusa

299 2000 399 2066 Tecta
419 1996 611 2065 Dicarcheae
623 1996 763 2091 pariter,
777 1995 1001 2088 juvenemque
1014 1991 1148 2087 replesti

299 2115 552 2211 Parthenopen?
567 2131 682 2186 nostro
699 2117 757 2211 qni
776 2128 825 2185 tot
841 2114 971 2208 fastigia
987 2114 1108 2200 monti,

300 2241 364 2306 Tot
380 2235 503 2306 virides
524 2206 631 2326 lucosi,
649 2251 701 2305 tot
718 2260 796 2304 saxa
814 2235 980 2304 imitantia
995 2231 1120 2320 vultus,

299 2359 458 2451 AEraque,
472 2369 523 2425 tot
538 2357 664 2450 scripto
677 2357 827 2424 viventes
846 2351 972 2422 lumine
989 2378 1081 2423 ceras

299 2476 433 2546 Finisti?
446 2476 529 2571 quid
545 2478 634 2546 enim
651 2478 713 2546 ista
729 2475 865 2562 domus,
880 2474 962 2571 quid
978 2489 1082 2563 terra,
1099 2475 1294 2569 priusquam

301 2600 349 2665 Te
366 2594 542 2692 gauderet,
559 2595 677 2667 erant?
694 2597 796 2693 longo
812 2612 850 2666 tu
866 2598 999 2667 tramite
1017 2597 1126 2667 nudos

300 2718 425 2786 Teristi
440 2715 610 2813 scopulos,
626 2716 801 2814 fueratque
817 2718 873 2787 ubi
893 2720 1009 2788 semita
1029 2732 1175 2805 tantum,

299 2839 401 2907 Nunc
415 2839 463 2908 ibi
480 2838 645 2909 distinctis
662 2853 727 2908 stat
744 2838 891 2933 porticus
907 2837 973 2907 alta
991 2837 1170 2928 columnis,

300 2960 351 3028 Ne
367 2958 517 3028 sorderet
535 2960 620 3028 iter:
640 2961 734 3028 curvi
751 2974 788 3029 tu
806 2957 910 3028 litoris
926 2984 985 3028 ora

300 3077 455 3147 Clausisti
473 3077 595 3148 calidas
617 3079 749 3173 gemina
766 3077 933 3148 testudine
949 3080 1135 3174 nymphas:

300 3201 365 3267 Vix
384 3222 486 3292 opera
501 3223 693 3269 enumerem
710 3224 718 3266 :
736 3197 820 3269 mihi
837 3222 984 3295 pauper,
1000 3215 1033 3269 et
1046 3200 1178 3296 indigus
1198 3203 1279 3271 uni'

299 3316 446 3386 Pollius?
464 3332 499 3387 et
515 3317 596 3387 tales
612 3317 727 3387 hilaris
743 3331 854 3388 tamen
872 3320 963 3389 intro
980 3336 1132 3414 penateS,

299 3442 343 3507 Et
359 3436 458 3525 litus,
478 3439 569 3533 quod
586 3438 819 3534 pandis,*amo
836 3468 844 3511 :
863 3441 920 3511 sed
935 3422 1091 3537 proxima
1107 3442 1219 3515 sedem

299 3559 465 3653 Despicit,
486 3574 519 3629 et
539 3562 637 3630 tacite
654 3560 742 3631 ridet
758 3588 831 3633 mea
850 3564 988 3634 numina
1001 3566 1100 3634 luno.

273 3654 353 3747 ‘Da
368 3677 546 3773 templum,
565 3679 748 3776 dignasque
771 3684 836 3753 tuis
857 3685 1030 3755 conatibus
1046 3710 1132 3773 aras,

300 3800 395 3889 Quas
406 3824 535 3913 puppes
551 3800 632 3870 velis
649 3801 759 3874 nolint
773 3806 914 3874 transire
932 3806 1084 3875 secundis
1100 3832 1108 3874 :

300 3917 381 4006 Quo
395 3932 491 4013 pater
505 3920 675 4012 aetherius,
693 3924 882 4018 mensisque
896 3928 1001 4018 accita
1019 3926 1157 3997 deorum

300 3996 427 4132 Turta,
439 4057 473 4111 et
486 4042 527 4112 ab
544 4043 675 4114 excelso
691 4045 801 4116 veniat
819 4071 914 4118 soror
922 4022 1062 4144 ¹hospita
1079 4065 1175 4120 tecto.
