2934 4950
83 358 195 421 (eros.)
399 356 611 413 Tuusnmos
634 358 743 415 Ltsnu
767 359 817 413 Vl.
1089 358 1126 415 65

130 488 275 555 Centum
296 482 342 551 ibi
362 486 547 579 nigrantes,
568 484 869 571 armentirobora,
889 499 1003 554 tauros

86 609 189 675 Lenta
206 602 293 673 mole
313 605 468 690 trahunt,
488 603 574 673 idem
595 630 819 700 numerusque
836 602 993 700 colorque

84 727 270 813 Matribus,
289 739 323 794 et
343 726 493 794 nondum
512 724 634 795 lunatis
654 725 764 796 honte
777 727 938 821 juvencis.

85 848 169 916 Exin
188 847 438 942 magnanimum
458 848 556 917 series
576 850 713 943 antiqua
732 864 907 944 pareutum

85 969 273 1056 Invehitur,
293 970 386 1037 miris
407 970 440 1036 in
460 967 590 1038 vultum
609 970 756 1038 animata
772 970 897 1065 figuris.

129 1092 261 1159 Primus
283 1087 491 1169 anhelantem
512 1088 598 1160 duro
616 1092 809 1185 Tirynthius
828 1104 951 1187 augens

84 1214 229 1281 Pectoris
250 1212 366 1280 attritu
387 1236 447 1281 sua
466 1211 590 1307 frangit
608 1214 642 1280 in
662 1236 737 1283 ossa
758 1212 897 1283 leonem.
923 1253 926 1262 =

85 1333 180 1404 Haud
198 1330 295 1401 illum
313 1333 489 1427 impavidi,
509 1334 659 1427 quamvis
678 1349 713 1403 et
730 1336 765 1403 iu
783 1360 867 1423 aere,
887 1360 1049 1429 suumque

85 1452 248 1523 Inachidae
267 1452 380 1524 videre
397 1453 497 1524 decus
517 1482 524 1523 :
547 1470 643 1549 pater
660 1455 778 1524 ordiue
792 1448 910 1550 juncto

85 1580 219 1663 Laevus,
238 1575 429 1644 arundineae
448 1576 677 1670 recubansque
696 1578 757 1645 sub
777 1601 896 1672 aggere
914 1580 1011 1672 ripae,

87 1698 257 1783 Cernitur,
275 1698 466 1790 emissaeque
483 1695 658 1791 indulgens
676 1697 820 1766 Inachus
839 1723 942 1767 umoe.

87 1820 121 1885 Io
140 1832 217 1912 post
235 1832 385 1911 tergum,
401 1819 471 1911 jam
489 1842 614 1912 prona,
633 1814 796 1911 dolorque
814 1820 962 1912 parentis

88 1941 218 2033 Spectat
236 1939 419 2008 inocciduis
437 1936 603 2011 stellatum
621 1938 746 2007 visibus
765 1942 903 2034 Argum.

89 2065 144 2131 Ast
163 2059 256 2131 illam
275 2059 393 2130 melior
411 2060 540 2129 Phariis
558 2076 706 2130 erexerat
725 2063 812 2131 arvis

88 2186 253 2279 luppiter,
273 2197 373 2277 atque
391 2183 510 2277 hospes
525 2182 693 2275 jam‘tunc
711 2186 842 2252 Aurora
859 2181 999 2253 colebat.

132 2302 295 2373 Tantalus
313 2303 391 2371 inde
411 2328 548 2398 pareus,
568 2308 635 2371 nou
654 2305 712 2396 qui
733 2301 923 2371 fallentibus
940 2302 1038 2372 undis

89 2427 260 2514 imminet,
280 2440 339 2495 aut
354 2424 477 2520 refugae
495 2422 750 2518 sterilem'rapit
767 2448 844 2494 aera
864 2422 968 2507 silvae,

91 2547 150 2616 Sed
169 2549 260 2644 pius,
281 2561 316 2616 et
334 2547 446 2640 magni
464 2546 600 2614 vehitur
617 2531 759 2613 conviva
777 2546 947 2614 Tonantis.

135 2671 233 2740 Parte
252 2667 317 2736 alia
334 2668 443 2736 victor
459 2692 559 2735 curru
579 2666 749 2760 Neptunia
766 2665 871 2734 tendit

92 2794 173 2859 Lora
193 2789 329 2883 Pelops,
349 2803 541 2884 pressatque
561 2803 649 2856 rotas
669 2788 786 2882 auriga
802 2801 953 2855 natantes

92 2911 259 3004 Myrtilus,
280 2924 314 2978 et
332 2908 459 2979 volucri
476 2910 680 3003 jamjamque
698 2907 899 3002 relinquitur
918 2934 987 2978 axe.

94 3035 133 3100 Et
153 3033 263 3128 gravis
282 3033 449 3117 Acrisius,
468 3032 656 3126 speciesque
672 3029 841 3100 horrenda
856 3029 1010 3114 Coroebi,

86 3157 136 3222 ‘Et
153 3158 270 3223 Danae
289 3152 421 3248 culpata
441 3154 548 3238 sinus,
568 3167 602 3221 et
619 3153 652 3220 in
672 3176 769 3221 amne
785 3165 917 3246 reperto

94 3276 206 3344 Tristis
225 3277 428 3368 Amymone,
449 3297 618 3367 parvoque
635 3271 792 3342 Alcmena
809 3270 957 3366 superbit

96 3392 248 3483 Hercule,
264 3395 452 3490 tergemina
469 3394 596 3462 crinem
612 3391 817 3461 circumdata
834 3391 923 3462 luna.

140 3519 291 3612 Juugunt
309 3513 476 3585 discordes
490 3516 629 3584 inimica
648 3515 682 3582 in
699 3513 821 3582 foedera
842 3511 973 3582 dextras

97 3636 211 3706 Relidae
228 3636 360 3726 fratres3
378 3636 437 3706 sed
455 3635 549 3706 vultu
567 3637 680 3705 mitior
699 3633 807 3703 adstat

98 3759 267 3852 AEgyptus‚
288 3758 398 3828 Danai
415 3757 627 3826 manifestum
646 3779 823 3851 agnoscere
842 3752 920 3822 ficto

98 3880 161 3946 Ore
177 3878 283 3966 nefas,
302 3881 458 3974 pacisque
476 3875 586 3967 malae',
605 3877 776 3969 noctisque
794 3873 922 3942 futurae.

98 3997 187 4067 Mille
205 3998 325 4068 dehinc
342 4000 465 4094 species
484 4024 492 4066 :
512 3991 646 4067 taudem
665 3997 782 4064 satiata
802 3992 967 4087 voluptas,

240 4145 274 4189 ll.
951 4133 971 4182 ἔ)
