2934 4950
67 395 171 458 (aaa.)
263 385 276 389 ·’
368 389 582 446 rununnos
604 387 713 444 nunu
737 389 785 442 rv.
1068 407 1101 462 ,7

68 521 173 589 blortis
191 515 386 610 inexpletae,
406 531 526 610 tuque,
544 540 566 584 o
586 516 764 588 saevissime
781 515 942 604 fratrum,

68 643 123 709 Cui
137 640 258 708 servire
276 637 346 706 dati
363 638 500 721 Manes,
516 651 705 730 eternaque
725 651 860 706 sontum

70 757 245 856 Supplicia,
265 772 366 851 atque
381 756 441 826 imi
459 754 641 825 famulatur
658 757 751 854 regia
772 757 910 846 mundi,

70 879 182 950 Solvite
199 877 349 974 pulsanti
369 877 444 947 loca
461 893 575 964 muta,
596 893 628 946 et
644 880 743 947 inane
758 903 879 950 severae

69 1002 301 1095 Persephones,
322 997 510 1095 vulgusque
526 1024 608 1068 cava
623 999 687 1068 sub
706 1015 806 1094 nocte
821 1017 993 1096 repostum

70 1123 195 1209 Elicite,
214 1136 247 1191 et
265 1121 364 1216 plena
380 1120 495 1190 redeat
512 1123 615 1216 Styga
634 1119 779 1216 portitor
797 1121 885 1192 alno.

70 1249 155 1314 Ferte
167 1242 268 1314 simul
288 1267 443 1340 gressus:
463 1269 524 1314 nec
541 1242 682 1338 simplex
698 1245 857 1314 Manibus
876 1261 947 1314 esto

70 1370 104 1435 ln
121 1364 225 1436 lncern
240 1390 390 1434 remeare
406 1365 549 1434 modus:
569 1381 606 1436 tu
624 1391 740 1461 separe
756 1382 845 1436 coetu

71 1487 201 1581 Elysios,
222 1491 358 1571 Persea,
374 1489 464 1582 pios,
487 1488 649 1582 virgaque
666 1490 797 1582 potenti

72 1606 204 1677 Nubilus
222 1611 326 1678 Arcas
347 1623 449 1704 agat:
468 1622 586 1678 contra
607 1633 666 1704 per
685 1610 825 1680 erimina
844 1608 984 1700 functis,

73 1733 132 1820 Qui
148 1730 260 1826 plures
280 1731 407 1817 Erebo,
425 1728 605 1826 pluresque
622 1757 641 1800 e
660 1734 823 1827 sauguine
845 1732 979 1823 Cadmi,

73 1859 178 1948 Angue
197 1866 248 1921 ter
265 1876 420 1942 excusso,
439 1867 473 1920 et
489 1851 645 1946 flagranti
661 1853 784 1946 praevia
805 1869 899 1940 taxo,

74 1974 263 2070 Tisiphone,
281 1973 351 2042 dux
368 1973 477 2068 pande
495 1972 603 2062 diem,
625 1999 687 2044 nec
709 1973 791 2045 lucis
809 1990 945 2070 egentes

76 2097 233 2165 Cerberus
250 2119 393 2164 occursu
411 2095 561 2189 capitum
579 2094 781 2190 detorqueat
799 2097 969 2168 umbras.»

117 2209 278 2287 Dixerat:
293 2232 327 2286 et
348 2217 473 2312 pariter
492 2217 606 2287 senior
622 2217 835 2312 Phoebeaque
854 2219 950 2313 virgo

76 2341 212 2410 Erexere
228 2339 381 2408 animos:
403 2336 453 2407 illi
470 2338 650 2409 formidine
663 2337 757 2408 nulla

77 2463 216 2557 (Quippe
233 2462 269 2530 in
284 2459 385 2531 corde
404 2460 533 2557 Deus),
549 2459 659 2531 solum
677 2477 803 2531 tremor
818 2462 933 2533 obruit
951 2463 1068 2557 iugens

78 2582 383 2680 OFrlipodioniden,
399 2585 553 2679 vatisque
573 2582 742 2669 horrenda
756 2585 906 2653 canentis

79 2708 167 2777 Nunc
184 2707 360 2795 humeros,
380 2732 472 2776 nunc
487 2705 545 2775 ille
566 2731 705 2793 manus,
726 2720 760 2775 et
777 2702 900 2775 vellera
917 2720 1047 2801 pressat

81 2830 216 2915 Annius,
235 2829 444 2922 inceptisque
460 2827 539 2898 velit
558 2827 715 2897 desistere
736 2829 846 2897 sacris.

122 2948 238 3039 Qualis
253 2949 392 3020 Gaetulae
409 2949 635 3021 stabulantem
651 2948 693 3019 ad
716 2949 875 3045 confraga
895 2949 985 3019 silvae

84 3074 222 3143 Venator
238 3071 342 3168 longo
360 3088 491 3149 motuni
507 3070 653 3142 clamore
671 3070 802 3142 leonem

83 3196 263 3291 Exspectat,
283 3194 420 3264 firmans
435 3196 603 3279 animum,
622 3210 658 3263 et
673 3195 830 3263 sudantia
846 3186 923 3265 nisu

83 3313 155 3385 Tela
173 3340 355 3411 premens:
373 3314 463 3409 gelat
483 3340 542 3385 ora
564 3340 685 3411 pavor,
708 3340 907 3410 gressusque
927 3320 1124 3387 tremiscunt

85 3439 162 3527 Quis
180 3438 313 3525 veniat,
332 3452 568 3532 quantusque:
587 3436 646 3506 sed
663 3436 801 3506 horrida
817 3438 911 3534 signa
931 3438 1104 3510 frementis

87 3560 221 3655 Accipit,
240 3574 275 3628 et
295 3582 381 3627 caeca
402 3559 539 3629 metitur
554 3582 729 3649 murmura
747 3583 846 3627 cura..

130 3684 237 3777 Atque
252 3680 308 3752 hic
327 3679 471 3751 Tiresias
491 3678 644 3750 nondum
663 3679 922 3751 adventantibus
940 3683 1091 3752 umbris:

92 3810 241 3900 «Testor,
259 3805 323 3892 ait,
338 3803 452 3889 Divae,
468 3802 593 3896 quibus
609 3802 701 3870 hunc
711 3803 935 3872 saturavimus
949 3804 1081 3897 ignem,

92 3924 246 4019 Laevaque
263 3923 434 3995 convulsae
451 3922 606 3991 dedimus
623 3922 793 3993 carehesia
810 3934 928 4011 terrae,

92 4044 155 4113 lam
173 4070 302 4139 nequeo
322 4044 465 4115 tolerare
485 4068 615 4115 moram
635 4070 643 4113 ε
664 4068 820 4114 cassusne
841 4044 995 4133 sacerdos

230 4193 265 4236 ιι.
948 4194 966 4234 2
