2934 4950
359 433 417 493 250
669 431 881 490 mosmos
901 431 1012 488 mult
1032 431 1099 486 xlt.
1298 433 1400 498 (rotat
1452 446 1453 515 y

356 560 525 656 Stelligeri
540 560 643 654 jubar
662 583 763 630 omne
781 558 852 655 poli
870 585 879 628 t
895 559 966 654 jam
985 560 1137 628 cominus
1155 558 1237 654 ipsae
1452 536 1453 581 ³

357 657 485 755 Pabula
501 682 574 753 dira
591 682 686 769 lere,
703 705 927 778 campumque
939 680 1043 752 odere
1057 679 1210 752 volucres

358 808 548 901 spirantem
567 807 662 891 tabo,
680 819 714 876 et
730 803 872 890 ooclum,
889 817 1077 898 ventosque
1093 820 1304 898 gravantem.
1452 816 1453 895 l

358 930 533 1018 Quantum
551 929 674 998 etenim
692 951 864 1022 superesse
878 925 977 996 rear?
992 925 1084 996 nuda
1099 951 1190 1015 ossa,
1205 943 1404 1025 putremque

358 1053 467 1120 Urere
486 1048 657 1145 permittat
676 1049 828 1118 saniem:
846 1061 1045 1144 properate,
1063 1048 1200 1118 verendi

358 1169 554 1266 Cecropidae
572 1196 580 1240 ε
601 1195 660 1239 vos
678 1171 742 1240 ista
762 1166 859 1238 decet
879 1167 1043 1256 vindicta,
1060 1171 1258 1265 priusquam

358 1293 524 1378 Emathii,
541 1292 755 1386 Thracesque
767 1288 900 1378 dolent,
918 1315 1060 1384 quaeque
1077 1305 1185 1362 exstat
1199 1292 1333 1387 ubique

359 1419 450 1486 Gens
468 1415 584 1485 arsura
602 1415 708 1508 rogis,
724 1435 907 1507 manesque
924 1412 1082 1482 habitura
1099 1438 1286 1510 supremos.

358 1539 446 1608 Nam
466 1539 540 1631 quis
557 1536 620 1605 erit
637 1535 753 1606 saevire
773 1532 915 1605 modus?
934 1533 1156 1604 bellavimus:
1174 1551 1264 1620 est03

325 1665 330 1676 '
359 1659 425 1729 Sed
442 1657 592 1728 cecidere
607 1657 701 1744 odia,
721 1670 756 1726 et
773 1657 885 1726 tristes
902 1681 992 1726 mors
1011 1655 1126 1726 obruit
1142 1660 1218 1726 iras.

359 1785 412 1850 Tu
430 1801 583 1873 quoquc,
600 1792 639 1847 ut
659 1779 811 1874 egregios
828 1776 917 1847 lama
935 1778 1153 1872 cognovimus
1172 1793 1288 1865 actus,

358 1904 438 1973 Non
457 1901 608 1970 trucibus
625 1900 783 1970 monstris
799 1900 895 1970 Sinin
913 1897 1156 1994 infandumque
1173 1899 1296 1971 dedisti

359 2026 550 2118 Cercyona,
565 2036 599 2092 ct
616 2045 741 2092 sevum
760 2020 862 2090 velles
882 2023 1033 2115 Scyrona
1050 2038 1247 2090 crematum.

360 2143 469 2215 Credo
487 2158 521 2214 et
540 2144 732 2214 Amazoniis
748 2143 878 2211 Tanain
895 2142 1042 2212 fumasse
1055 2141 1235 2237 sepulcris,

359 2266 460 2338 Unde
473 2267 544 2335 hae'c
558 2289 653 2336 arma
668 2265 792 2334 refers:
806 2263 866 2332 sed
881 2277 916 2332 et
926 2263 1018 2333 hunc
1030 2263 1171 2360 dignare
1185 2267 1402 2361 triumphum,

358 2394 413 2460 Da
430 2390 527 2459 terris
545 2411 668 2479 unum,
686 2385 852 2481 coeloque,
867 2385 1235 2481 Ereboquelaborem:

360 2513 394 2581 si
412 2513 559 2607 patrium
580 2509 784 2580 Marathona
803 2522 913 2597 metu,
932 2509 960 2578 si
980 2523 1068 2579 tecta
1084 2508 1201 2579 levasti

359 2635 510 2722 Cressia,
529 2656 592 2703 nec
610 2630 697 2701 ludit
713 2655 817 2701 vanos
838 2655 921 2700 anus
939 2631 1073 2726 hospita
1090 2630 1198 2701 fletus.

360 2756 415 2825 Sic
434 2755 582 2853 tibilnon
601 2751 677 2823 ullas
698 2754 788 2822 socia
808 2754 879 2821 sine
897 2751 1032 2822 Pallade
1051 2778 1193 2849 pugnae,

312 2852 314 2859 Ι
360 2880 431 2949 Nec
447 2900 540 2946 sacer
557 2876 703 2951 invideat
722 2876 861 2971 paribus
877 2876 1075 2970 Tirynthius
1093 2877 1196 2964 actis,

260 2988 262 2991 ⁵
361 3002 497 3095 Semper
509 2999 600 3069 'et'in
619 3022 740 3088 curru,
759 3021 891 3092 semper
908 3012 941 3067 te
958 3012 1066 3068 mater
1081 3013 1236 3068 ovantem

360 3125 500 3205 Cernat,
517 3135 552 3190 et
570 3121 704 3189 invictae
717 3117 766 3187 nil
784 3117 849 3188 tale
866 3134 1048 3214 precentur
1065 3120 1212 3198 Athenae.
1228 3151 1247 3184 »

408 3243 572 3313 Dixerat:
591 3242 762 3335 excipiunt
779 3256 927 3331 cuncta,
947 3241 1157 3337 tenduntque
1174 3258 1355 3338 precantes
1452 3285 1453 3290 κ

360 3366 446 3433 Cum
466 3362 613 3431 clamore
631 3386 750 3431 manus
768 3363 911 3432 :rubuit
929 3364 1121 3460 Neptunius
1139 3364 1238 3434 heros

360 3488 533 3555 Permotus
551 3484 731 3580 lacrymis:
748 3486 840 3579 justa
857 3511 936 3556 mox
954 3488 1107 3556 concitus
1124 3489 1173 3561 ira

359 3607 532 3678 Exclamat
550 3632 592 3675 :a
605 3610 769 3699 Quanam
789 3610 854 3678 ista
870 3632 975 3679 novos
996 3609 1131 3678 induxit
1149 3612 1299 3707 Erinnys

360 3734 555 3825 Regnorum
575 3730 707 3801 mores?
725 3756 796 3801 non
812 3731 883 3801 hacc
903 3756 966 3827 ego
984 3746 1121 3825 pectora
1140 3731 1224 3827 liqui

360 3854 542 3924 Graiorum
561 3853 758 3940 abscedens,
775 3854 944 3948 Scythiam
961 3870 1172 3950 pontumque
1189 3854 1335 3926 nivalem

359 3976 474 4064 Quum
495 3989 640 4071 peterem
658 4002 665 4043 :
686 4000 793 4045 novus
812 3976 902 4045 unde
923 3975 1036 4045 furor?
1052 3981 1223 4048 victumne
1240 3978 1362 4074 putasti
1452 4001 1453 4020 ³

358 4097 501 4187 Thesea,
523 4096 595 4167 dire
612 4097 749 4168 Creon?
764 4099 882 4168 adsum
898 4126 905 4168 :
924 4125 986 4169 nec
1004 4102 1168 4195 sanguine
1187 4100 1310 4171 fessum
