2934 4950
343 437 398 493 ιιι
656 419 872 490 runnamos
893 429 1008 485 unua
1025 427 1063 484 ιι
1268 423 1301 487 ιν.
1315 427 1374 490 ιιι-ι
1433 444 1434 511 7

340 566 411 632 Vos
426 586 559 658 quoque
576 564 711 650 sacrati,
727 562 879 656 quamvis
894 546 969 629 mea
983 555 1135 627 carmina
1151 554 1292 652 surgant
1346 605 1356 612 --

341 683 612 779 Inferiorellyra,
634 681 1017 777 memores-superabitis
1037 705 1153 749 annos.
1173 677 1177 682 ’

340 807 493 875 Forsitan
507 821 541 874 et
559 805 697 874 comites
715 828 785 874 non
802 803 1038 900 aspernabitur
1054 791 1192 873 umbras
1209 793 1212 797 ’

341 924 525 1022 Euryalus,
544 927 750 1023 Phrygiique
768 925 924 995 admittet
939 919 1046 1021 gloria
1068 926 1152 995 Nisi.

281 1097 283 1104 ·
388 1053 434 1120 At
451 1047 541 1118 ierus
559 1048 752 1144 Amphion,
767 1050 840 1144 regi
858 1045 923 1144 qui
931 1047 1021 1117 facta
1037 1062 1226 1143 reportent,

341 1170 578 1266 Edoceantque
598 1169 951 1265 dolum,-captivaque
969 1195 1113 1266 corpora
1131 1169 1292 1262 neddant,

341 1293 448 1361 Mittit
462 1317 567 1362 ovans
583 1269 593 1360 ι
612 1291 733 1364 clausis
750 1295 821 1386 ipse
838 1290 999 1362 insultare
1016 1290 1163 1386 Pelasgis

342 1412 483 1504 Tendit,
501 1429 535 1484 et
552 1414 698 1484 abscisos
715 1416 882 1485 sociomm
894 1414 1077 1484 ostendere
1095 1412 1219 1483 vultus.

392 1540 522 1606 Interea
540 1535 698 1606 reducem
717 1561 893 1606 murorum
912 1552 937 1606 e'
948 1535 1095 1607 culmine
1113 1538 1210 1607 Graii

343 1659 589 1729 Thiodamanta
608 1658 723 1730 vident
743 1686 751 1728 ι
773 1659 833 1730 nec
850 1661 922 1753 jam
939 1654 1158 1758 erumpentia¹
1171 1650 1295 1730 celant

343 1780 496 1873 Gaudia,
519 1798 557 1852 ut
570 1796 701 1853 exertos
715 1781 827 1872 enses,
846 1798 881 1853 et
900 1783 989 1854 cede
1005 1785 1131 1853 recenti

342 1910 447 1977 Arma
463 1905 584 1978 rubere
598 1919 718 1990 notant
742 1932 750 1974 ι
772 1931 880 1976 novus
900 1904 1008 1976 assilit
1023 1905 1146 1975 ethera
1168 1929 1309 2002 magnus
1433 1924 1434 1929 ’

343 2026 498 2116 Clamor,
516 2042 551 2096 et
569 2023 739 2097 e'snmmo
757 2025 907 2123 pendent
921 2027 1043 2123 cupida
1060 2030 1195 2122 agmina
1212 2025 1303 2097 vallo
1433 2004 1434 2007 Ἴ

343 2153 494 2223 Noscere
510 2153 652 2246 quisque
671 2176 749 2221 suos
767 2177 776 2220 ι
793 2149 969 2221 volucrum
990 2151 1037 2220 sie
1054 2150 1156 2221 turba
1171 2131 1347 2219 recentum

344 2280 462 2369 Quum
481 2274 639 2346 reducem
660 2274 763 2372 longo
783 2277 955 2372 prospexit
972 2277 1007 2345 in
1027 2261 1325 2362 ethere-matrem,

246 2439 247 2444 κ
344 2404 398 2470 Ire
418 2403 512 2497 cupit
530 2414 647 2470 contra
655 2380 919 2495 ,summaque-e
939 2400 1090 2495 margine
1110 2395 1180 2467 nidi

344 2527 461 2595 Exstat
480 2523 603 2593 hians:
621 2524 827 2620 jamjamque
844 2523 957 2612 cadat,
976 2527 1012 2595 ni
1022 2538 1161 2640 pectore
1178 2537 1251 2594 toto

345 2647 466 2717 Obstet
482 2661 598 2743 aperta
617 2672 755 2745 parens,
773 2660 807 2716 et
823 2634 1043 2717 amantibus
1034 2660 1185 2742 increpet
1205 2645 1278 2716 alis.

344 2774 505 2863 Dumque
525 2794 611 2865 opus
631 2792 810 2857 arcanum,
831 2782 866 2838 et
883 2770 976 2839 taciti
994 2767 1193 2865 compendia
1212 2771 1331 2839 Martis

346 2895 573 2981 Enumerant,
594 2890 743 2987 laetisque
758 2917 836 2962 suos
852 2882 1082 2988 complexibus
1096 2872 1254 2987 implent,

347 3013 541 3107 Hopleaque
561 3016 762 3108 exquirunt,
783 3008 984 3108 tardumque
1001 3016 1171 3108 Dymanta
1191 3025 1377 3107 queruntur,

344 3138 432 3205 Ecce
450 3150 484 3205 et
498 3136 638 3207 Dircaeae'
647 3132 830 3231 jux'ta‘dux
847 3136 1000 3207 concitus
1020 3134 1079 3205 alae

347 3260 498 3327 Venerat
509 3254 707 3353 Amphion:
726 3282 795 3328 non
811 3255 951 3354 longum
968 3257 1058 3329 carde
1073 3259 1198 3328 recenti

346 3381 511 3467 Laetatus,
530 3379 621 3449 videt
638 3373 825 3450 innumeris
844 3380 973 3451 fervere
991 3383 1133 3451 catervis

346 3498 535 3591 Tellurem,
556 3516 656 3596 atque
676 3527 744 3574 une
763 3516 896 3599 gentem
913 3505 1083 3599 exspirare
1102 3504 1209 3573 ruina.

397 3625 465 3713 Qui
486 3639 611 3695 tremor
631 3616 748 3697 illicita
763 3627 838 3697 coeli
857 3627 899 3698 de
916 3626 1070 3723 lampade
1089 3642 1214 3712 tactos,

347 3748 413 3817 Hie
430 3746 532 3817 fixit
519 3772 693 3873 juvenem,
715 3750 909 3869 pariterque
926 3750 1067 3820 horrore
1085 3749 1149 3819 suh
1166 3772 1235 3820 uno

348 3872 441 3957 Vox,
460 3870 548 3939 acies
557 3864 788 3965 ,sanguisque
807 3873 909 3989 perit,
929 3853 1139 3970 gemitusque
1157 3882 1321 3966 parantem

348 3994 423 4085 Ipse
443 3989 532 4060 ultro
544 3993 709 4061 convertit
723 4018 858 4087 equus:
880 3992 967 4089 sugit
984 3992 1037 4063 ala
1051 4008 1180 4063 retorto

350 4110 500 4182 Pulvere.
522 4110 685 4185 Nondum
704 4112 753 4183 illi
771 4115 961 4186 Thebarum
978 4114 1124 4187 claustra
1144 4112 1309 4194 subibant,
