2934 4950
325 394 380 450 ,σι
627 390 885 447 ncumrnos
905 388 1062 447 tuear
1279 396 1375 459 (nat)
1455 415 1456 420 κ

323 524 405 589 Fata
422 532 534 588 vetant
550 544 558 587 :
574 532 666 587 ratus
684 516 769 587 ordo
786 517 885 603 Deis,
902 516 1042 585 miseere
1058 530 1217 587 cruentas
1356 574 1361 583 .

323 645 532 737 Europaeque
552 642 703 734 Asiaeque
721 664 860 727 manus,
877 636 1100 731 consultaque
1113 636 1204 709 tetta

323 764 477 858 luppiter
495 777 529 832 et
546 764 657 832 tristes
675 760 780 831 edixit
794 761 942 832 oedibus
959 785 1076 830 annos.

323 886 434 973 Quem
451 899 489 953 tu
505 881 572 953 illic
590 898 705 953 natum
722 884 822 978 Sigeo
837 884 874 951 in
893 880 1054 977 pulverel
1073 897 1202 976 quauta

323 1005 496 1101 Adspicies
514 1007 635 1075 victrix
650 1006 872 1101 Phrygiarum
887 1004 1005 1075 funera
1020 1004 1190 1075 mutuam?

323 1130 440 1217 Quum
456 1142 535 1199 tuus
553 1125 703 1198 AEscides
720 1125 835 1221 tepido
851 1125 955 1195 modo
969 1125 1135 1221 sanguim
1147 1127 1297 1197 Teucros

196 1328 200 1337 ¹
324 1248 477 1318 Undabit
494 1274 650 1343 cempoa;
669 1246 773 1318 modo
788 1272 902 1319 crassa
919 1249 1010 1317 exire
1025 1247 1154 1317 vetabit

322 1369 499 1459 Flumina,
520 1386 553 1440 et
572 1375 738 1443 Hectoreo
756 1370 903 1442 tardabit
920 1369 1038 1443 limene
1055 1393 1196 1459 currus,

323 1490 542 1587 impelletque
559 1518 662 1563 manu
680 1508 832 1577 nostros,
847 1516 953 1587 opera
969 1493 1082 1584 irrita,
1100 1516 1228 1561 muros.

323 1611 419 1683 Pelea
436 1615 507 1708 jam
524 1613 646 1685 desiste
666 1617 783 1709 queri,
802 1612 1032 1709 thdansoaque
1049 1614 1217 1698 minores,

324 1734 515 1807 Credideris
531 1739 699 1833 peperisse
718 1738 794 1807 Jovi
811 1763 820 1805 τ
840 1760 904 1805 nee
921 1734 1029 1806 inulte
1043 1734 1193 1817 dolebis,

324 1858 485 1953 Cognatis
504 1874 598 1929 utere
620 1860 715 1930 fretis
735 1886 744 1928 ε
762 1859 852 1929 dabo
867 1857 987 1928 tollere
1005 1858 1144 1941 fluctus,

323 1982 440 2069 Quum
457 1980 592 2051 reduces
606 1983 737 2069 Danai,
754 1995 986 2075 nocturnaque
1004 1982 1099 2075 sigua
1114 1980 1311 2075 Caphereus
1455 2003 1456 2006 ’

324 2102 463 2187 Exeret,
481 2116 513 2171 et
531 2101 642 2173 dirum
661 2104 788 2198 pariter
806 2127 994 2197 queremus
1012 2102 1155 2173 Ulixem,
1169 2134 1187 2169 a

373 2224 537 2294 Dixerat:
553 2222 610 2294 illa
628 2226 722 2321 gravi
742 2222 873 2294 vultum
892 2223 1034 2299 demissa
1051 2222 1207 2321 repulsa,

323 2347 408 2434 Quae
425 2346 495 2440 jana
513 2346 623 2417 excire
640 2347 784 2435 fretum,
800 2360 835 2415 et
852 2347 981 2417 ratibus
999 2343 1125 2415 bellare
1142 2348 1284 2441 parabat

282 2543 292 2557 ,
324 2465 452 2556 Iliacis,
471 2467 554 2539 alios
572 2472 693 2540 iterum
713 2485 901 2540 commenta
920 2485 1076 2564 paratus,

322 2590 441 2660 Tristis
460 2589 502 2660 ad
519 2594 708 2662 Haemonias
724 2591 902 2687 detorquet
916 2591 1054 2661 brachia
1071 2607 1190 2662 terras.

322 2713 389 2780 Ter
405 2728 524 2783 conata
541 2739 661 2803 manu,
679 2712 845 2808 liquidum
862 2714 1093 2810 tongrensibus
1106 2739 1224 2809 sequor

322 2833 500 2929 Reppulit,
515 2850 550 2905 et
566 2837 679 2905 niveas
695 2836 822 2905 feriunt
835 2836 923 2908 rada
935 2834 1094 2907 Thessala
1108 2835 1252 2931 plantas.

321 2959 498 3027 Laetantur
514 2973 664 3045 montes,
683 2974 717 3029 et
737 2956 951 3028 connubialis
973 2957 1128 3054 pandunt

220 3097 223 3102 ’
322 3082 428 3148 Antra
446 3081 559 3162 sinus,
580 3080 712 3174 lateque
733 3080 804 3150 dese
823 3081 1001 3176 Sperchios
1021 3081 1174 3151 abundet

322 3199 469 3287 Obvius,
489 3217 523 3272 et
542 3201 632 3272 dulci
651 3203 791 3298 vestigia
809 3203 931 3272 circuit
948 3201 1050 3272 unda.

320 3321 383 3397 Illa
402 3325 485 3395 nihil
505 3327 617 3422 gavisa
639 3324 741 3413 locis,
762 3325 821 3394 aed
841 3341 950 3420 coepta
968 3327 1087 3423 fatigat

318 3451 458 3517 Pectore
474 3447 631 3535 consilia,
650 3461 684 3516 et
702 3445 807 3517 solers
824 3449 948 3542 pietate
967 3452 1129 3545 magistra

316 3574 525 3666 Longaevum
543 3570 693 3641 Chirona
714 3573 808 3664 petit.
825 3573 957 3641 Domus
975 3572 1080 3642 ardua
1097 3591 1247 3644 montem

318 3693 488 3778 Personat,
504 3706 537 3761 et
555 3691 656 3789 longo
676 3692 849 3788 suspendit
868 3690 988 3764 Pelion
1006 3719 1111 3764 arcu:

318 3815 400 3883 Para
416 3814 576 3883 exhausta
593 3839 716 3902 manu,
734 3830 864 3910 partem
882 3841 941 3885 sua
959 3833 1098 3912 ruperat
1115 3833 1207 3887 setes.

319 3937 421 4030 Signa
437 3951 568 4026 tamen,
582 3939 777 4033 Divumque
792 3941 876 4027 tori,
891 3953 925 4008 et
938 3965 1040 4034 quem
1054 3941 1200 4036 quisque
1216 3961 1359 4013 mereret

318 4057 499 4147 decubitu,
519 4062 701 4155 genioque,
717 4057 809 4130 locus
828 4076 1060 4132 monstrantur
1075 4090 1083 4132 :
1100 4079 1135 4132 at
1150 4066 1243 4134 intra
