2934 4950
307 497 336 568 vj
608 495 660 550 DE
680 496 710 549 P.
732 494 890 550 anenno
909 495 1047 550 sufflo

308 621 373 690 hoc
399 621 610 716 potissimum
633 622 782 690 carmine
798 620 962 715 sperabat.
988 617 1130 688 Materia
1148 618 1220 688 haec
1239 634 1354 714 poeta·

308 767 383 812 rum
408 757 442 812 et
469 743 641 837 epicorum
666 757 700 812 et
727 743 936 812 scenicorum
960 741 1078 810 studiis
1102 739 1245 810 multum
1272 741 1356 811 cele·

309 863 405 935 brata
418 879 498 934 erat.
510 869 603 934 Inter
619 867 757 935 Graecos
774 880 850 958 post
867 863 1070 934 Thebaidem
1088 862 1261 958 cyclicam,
1278 887 1355 956 quae

307 985 350 1054 ab
379 985 546 1081 aliquibus
564 985 616 1056 vel
636 987 678 1056 ad
705 990 889 1056 Homerum
908 985 1258 1079 referebatursplures
1279 1010 1354 1054 eam

307 1108 454 1200 aggressi
475 1121 554 1176 sunt
576 1133 584 1176 ε
611 1107 793 1178 Menelaus
817 1111 949 1202 AEgeus
975 1106 1151 1176 duodecim
1172 1104 1265 1175 libris
1281 1105 1354 1200 (sed

308 1227 379 1320 ejus
398 1241 504 1326 poetae
523 1229 636 1296 tenuia
662 1241 792 1297 tantum
817 1229 956 1321 vestigia
975 1242 1120 1315 restant,
1142 1252 1195 1321 ap.
1215 1226 1354 1296 Suidam

308 1372 334 1416 s.
350 1371 404 1434 u,
421 1349 535 1443 Stepb.
555 1351 632 1443 Byz.
653 1374 678 1417 s.
697 1373 752 1418 vv.
764 1345 905 1448 Τέμμιξ
921 1347 1139 1442 εῐὝρμίνη),
1152 1350 1355 1440 Antagoras

308 1467 462 1538 Rhodius
480 1469 530 1561 (in
544 1471 625 1538 Vita
640 1470 734 1538 Arati
756 1494 810 1564 ap.
824 1473 956 1539 Ernest.
971 1466 1120 1558 Callim,
1136 1482 1160 1536 t.
1177 1493 1207 1552 1,
1217 1492 1250 1561 p.
1262 1463 1328 1562 59'1
1345 1493 1353 1534 :

308 1613 387 1657 nani
413 1589 449 1657 in
475 1588 527 1658 ed.
557 1591 653 1659 Irnrn.
677 1590 814 1660 Bekkeri
840 1589 904 1660 alia
926 1605 1030 1661 exstat
1054 1616 1062 1662 ε
1086 1587 1236 1683 Apostol.
1264 1590 1353 1657 Pro-

308 1707 419 1778 verbb.
439 1734 472 1797 v,
491 1709 553 1798 82,
571 1708 624 1779 vel
638 1713 756 1780 Arsen.
777 1715 813 1780 V
813 1712 867 1781 iol.
885 1737 919 1806 p.
940 1709 1007 1797 146
1021 1709 1128 1780 Walz.
1139 1706 1214 1778 coll.
1234 1709 1355 1778 Jacobs

307 1829 351 1900 ad
367 1831 526 1919 Anthol„
546 1831 613 1901 vol.
628 1857 709 1921 1111,
730 1858 764 1927 p.
786 1831 894 1928 843),
916 1832 973 1902 sed
990 1833 1173 1929 praesertim
1191 1833 1353 1901 Auerna·

308 1976 399 2024 cuus
423 1953 674 2050 Colophonius,
704 1956 765 2050 qui
787 1952 900 2051 paullo
925 1968 1004 2024 ante
1031 1953 1204 2024 Platonem
1225 1953 1354 2046 epicam

307 2075 423 2172 poesin
449 2077 667 2145 instauratam
691 2078 743 2146 sui
762 2078 920 2171 temporis
946 2078 1082 2171 ingenio
1103 2089 1137 2145 et
1162 2075 1272 2144 sensui
1298 2099 1354 2143 ac·

308 2194 542 2265 commodavit.
550 2196 651 2292 (Vide
659 2195 701 2267 de
715 2197 782 2267 boc
799 2197 871 2291 ejus
888 2197 999 2267 studio
1016 2200 1055 2266 A.
1066 2199 1104 2264 F.
1121 2197 1300 2266 Nnonruu
1318 2196 1352 2263 iu

311 2317 453 2386 Cleant·
460 2301 570 2387 Samii
580 2303 728 2413 relliquias
734 2373 746 2404 ,
758 2321 865 2414 Lips,
883 2319 986 2416 1817,
995 2344 1067 2413 cap.
1085 2343 1132 2406 rr,
1143 2314 1233 2413 p.67
1245 2315 1355 2411 sqq.‘)

306 2439 340 2507 Is
356 2438 460 2531 igitur
478 2451 510 2508 et
529 2439 622 2537 prius
636 2439 762 2511 bellum
784 2440 987 2529 thebanum,
1008 2439 1099 2534 quod
1122 2439 1247 2508 Statius
1267 2439 1353 2507 ceci-

308 2560 374 2648 nit,
401 2574 434 2630 et
450 2560 591 2631 alterum
610 2564 841 2660 Epigonorum
861 2565 961 2633 unius
979 2563 1137 2633 carminis
1155 2560 1285 2630 ambitu
1305 2561 1356 2629 in-

307 2684 399 2776 genti
420 2683 603 2774 conclusit,
626 2685 667 2755 de
691 2710 760 2779 quo
776 2688 916 2775 Cicero,
936 2688 1050 2770 Brut„
1074 2708 1108 2755 ιι
1128 2709 1137 2752 z
1159 2685 1354 2776 «Magnum

307 2801 391 2872 illud
419 2805 510 2898 quod
536 2807 676 2885 novistis
697 2804 892 2879 volumen...
906 2804 1132 2875 reconditum
1159 2828 1292 2873 carmen
1317 2828 1354 2870 ε»

307 2948 384 2992 nam
403 2926 548 3018 mythico
565 2924 720 2995 doctrina
742 2925 938 2995 abundabat
956 2940 996 2996 et·
1010 2924 1189 2995 artificiosa
1207 2924 1356 2993 dictione

307 3046 481 3115 incedebat
504 3073 512 3113 :
539 3046 595 3115 sed
614 3046 655 3116 de
672 3060 745 3116 toto
764 3049 812 3117 ita
827 3048 958 3143 judicat
977 3045 1250 3136 Quinctilianus,
1267 3050 1352 3116 last.

306 3190 346 3254 x,
361 3188 392 3253 1,
410 3167 429 3257 5
447 3164 468 3236 3
494 3192 502 3235 :
528 3170 600 3235 «Et
616 3165 792 3237 affectibus
809 3183 842 3238 et
854 3168 1066 3263 jucunditate
1085 3183 1119 3237 et
1136 3168 1355 3262 dispositione

306 3302 339 3355 et
354 3288 493 3357 omnino
512 3304 583 3359 arte
600 3286 755 3359 deficitur
772 3316 781 3359 ε
796 3320 813 3355 a
831 3314 1035 3385 quamquam
1045 3290 1110 3359 hoc
1123 3290 1289 3383 judicium
1306 3287 1353 3356 le-

346 3490 360 3519 *
373 3494 408 3548 ln
421 3492 483 3565 ejus
497 3493 669 3552 carminibus
682 3496 803 3570 peninar
816 3495 900 3552 etiam
914 3514 1021 3564 unmn,
1035 3495 1082 3551 cui
1097 3495 1196 3551 titulus
1209 3502 1252 3549 est
1259 3490 1353 3569 Ῐαχίνη,

306 3604 366 3661 quo
392 3586 465 3661 quid
482 3587 588 3644 faceret
604 3608 665 3645 non
688 3588 838 3664 exputarit
858 3588 1122 3665 Schellenbergius‚
1140 3585 1192 3661 qui
1209 3595 1276 3641 ante
1298 3586 1352 3641 bos

305 3678 364 3735 lere
378 3679 570 3757 quadraginta
582 3698 674 3738 anuos
687 3681 852 3739 Autimacbi
864 3681 1023 3759 fragmenta
1038 3678 1152 3756 collegit
1165 3688 1193 3734 et
1201 3676 1287 3734 docte
1300 3697 1352 3733 cx-

305 3770 414 3845 plicuit.
428 3772 523 3829 Locus
535 3772 582 3829 hic
595 3783 638 3829 est
656 3794 664 3828 t
682 3773 822 3853 Ᾰντίμαχος
833 3772 926 3852 ίαχίνῃ.
942 3783 986 3836 Tot
999 3778 1093 3851 rma
1107 3780 1253 3848 ἀβολήτορις
1266 3774 1352 3849 ἄνδρες

305 3874 381 3925 ἴασιν.
396 3866 432 3921 V.
447 3866 483 3921 D.
506 3864 537 3921 in
556 3864 713 3923 Gaiefordii
733 3868 831 3922 Poetis
845 3886 890 3942 gr.
908 3867 1051 3935 naitono,
1071 3866 1131 3922 rol.
1153 3883 1209 3934 111,
1227 3883 1256 3938 p.
1274 3864 1351 3934 aba,

304 3956 350 4013 ed.
364 3957 441 4033 Lips.
455 3968 546 4017 tentat
560 3978 567 4013 :
582 3958 729 4039 ἐπίμαχος·
743 3956 866 4037 lipom
881 3964 907 4021 δ’
918 3970 956 4040 ἄρ’
969 3969 991 4022 ol
1005 3968 1062 4033 ἀβ.,
1081 3969 1134 4015 etc.
1149 3957 1262 4014 Mthiin
1268 3976 1351 4013 men-

304 4058 361 4105 tem
374 4060 491 4107 reumat
504 4070 511 4105 :
526 4050 672 4131 Λντίμαχος·
689 4050 836 4129 Ῑναχίὲαι
849 4054 924 4130 d’dpa
943 4062 964 4113 ol
980 4060 1036 4125 ἀβ.,
1054 4060 1123 4123 etc„
1141 4066 1229 4125 quam
1247 4049 1346 4122 conje-

304 4154 415 4200 cturam
432 4144 579 4219 proferet,
594 4144 646 4220 qni
659 4163 795 4202 numeros
810 4144 938 4202 attendit
