2934 4950
13 305 16 472 t
117 278 1212 485 &ML-Qu

294 697 373 788 DE
396 696 442 784 P.
466 627 710 812 stimulo
729 697 947 788 simo

185 965 1044 1149 NoTlTltn-QITTERARIA.

141 1964 177 2028 P.
196 1963 372 2058 Papinius
391 1962 525 2032 Statius
542 1977 671 2056 putrem
694 1961 814 2031 habuit
834 1965 1088 2055 grammaticum
1107 1983 1139 2038 et

103 2099 215 2176 poetam
239 2081 507 2178 Neapolitanum
516 2080 558 2172 **,
578 2108 679 2177 quem
700 2083 786 2152 luxit
802 2099 974 2154 mortuum
1000 2088 1036 2154 in
1056 2089 1138 2184 Epi·

103 2202 179 2273 oedio
197 2205 396 2300 superstite,
416 2203 515 2289 Situ,
543 2229 584 2292 v,
604 2201 637 2274 3.
656 2207 732 2299 Ipse
756 2218 855 2273 natus
881 2205 1025 2301 Neapoli
1048 2232 1139 2275 anno

103 2347 128 2416 p.
149 2326 221 2394 Chr.
243 2351 281 2393 n.
311 2321 354 2393 61
383 2319 476 2420 [ante
496 2349 643 2394 mensem
662 2323 802 2418 julium,
825 2323 920 2393 addit
939 2323 1138 2424 Dodwell.],

13 2538 14 2545 ἵ
104 2443 240 2517 educatus
257 2459 314 2516 est
335 2447 450 2514 Romae
468 2470 510 2515 ae
524 2460 655 2515 mature
674 2445 810 2540 ingenio
830 2447 982 2541 poetico,
1000 2471 1139 2541 praser-

13 2596 14 2601 “
105 2566 150 2633 tiu
167 2571 323 2638 versibus
349 2592 389 2636 ex
414 2569 550 2660 ingenio
576 2566 772 2654 fundendis,
798 2565 963 2635 inclaruit.
990 2570 1137 2637 Uxorem

132 2792 143 2815 ¹
156 2796 195 2851 De
206 2795 266 2851 vita
280 2793 368 2850 Statii
384 2812 570 2870 quaecumque
587 2794 654 2851 sdiri
666 2806 805 2869 possunt,
820 2793 936 2867 copiose
958 2794 1092 2866 exposuit
1108 2794 1139 2850 iu

102 2903 227 2963 annosque
240 2887 365 2964 digessit
377 2888 533 2943 Hrrurous
546 2890 714 2959 Douma,
727 2887 759 2943 in
775 2886 852 2943 libro
867 2906 874 2941 :
887 2888 1021 2941 Annales
1038 2888 1137 2943 Velle-

102 2980 163 3047 sui,
181 2991 250 3054 ete,
264 2978 396 3052 oxonii,
419 2979 511 3056 1698,
523 2998 554 3056 p.
576 2980 716 3055 193-306.
736 2982 808 3051 Quae
821 2979 890 3055 quia
902 2978 1055 3035 maximam
1066 2998 1139 3055 par·

103 3080 146 3125 tem
154 3090 185 3128 er
196 3075 278 3130 Silvis
287 3074 407 3143 hausta,
414 3072 603 3129 Marklaudus
611 3072 708 3148 aliqua
720 3073 823 3129 melius
832 3072 1026 3129 constituendi
1039 3084 1139 3131 nactus

103 3174 134 3219 est
145 3168 329 3223 oooesionem.
350 3168 444 3241 Pauca
456 3166 519 3237 illa,
538 3186 602 3241 quae
622 3177 702 3223 extra
720 3165 931 3223 dubitationem
948 3166 1043 3240 posita
1056 3178 1139 3239 sunt,

104 3254 207 3315 breviter
221 3258 356 3316 narravit
374 3260 410 3314 G.
424 3260 456 3315 E.
478 3262 645 3330 Wuasaus,
661 3259 692 3314 iu
708 3259 829 3334 Corpore
844 3270 922 3333 poet.
937 3261 988 3313 lat.
997 3298 1006 3325 ,
1021 3278 1049 3332 p.
1070 3279 1138 3331 ur,

104 3350 171 3422 eujus
186 3354 271 3410 rerba
300 3361 404 3407 mutua
428 3352 594 3422 sumsimus,
617 3353 734 3409 mutatis
759 3352 934 3428 quibusdam
958 3363 986 3407 et
1010 3352 1137 3426 adjectis

102 3442 161 3498 i'ite
173 3447 322 3517 sutiam,
337 3463 401 3519 que
415 3444 444 3499 iu
458 3444 543 3501 codd.
559 3455 665 3515 exstat,
679 3456 783 3502 auctor
795 3444 917 3501 Statium
929 3454 1061 3499 nostrum
1075 3447 1137 3501 To-

101 3533 218 3593 loseusem
232 3538 308 3595 dicit
323 3547 354 3593 et
369 3536 530 3608 Surculum,
545 3537 617 3609 sive,
631 3548 664 3593 ut
678 3538 743 3594 eod.
760 3537 865 3607 Paris,
881 3538 1040 3603 Sursutum,
1055 3540 1141 3612 quasi

101 3647 191 3687 sursum
212 3643 376 3689 canentem.
397 3630 539 3687 Nimirum
556 3631 733 3705 permutavit
752 3642 869 3705 poetam
885 3648 951 3685 eum
968 3628 1084 3686 rhetore
1105 3634 1137 3686 L.

13 3790 14 3801 χ
102 3720 174 3780 Statio
188 3728 310 3793 Ursulo,
324 3724 425 3799 paullo
439 3723 619 3799 antiquiore,
633 3724 669 3781 de
683 3742 745 3799 quo
758 3722 826 3780 ride
838 3720 962 3779 Fabricii
974 3722 1049 3777 Bibl.
1067 3724 1136 3790 lat,

13 3802 14 3805 ¹
101 3831 133 3883 11,
146 3836 168 3873 o.
187 3820 238 3890 16,
252 3828 319 3875 not.
339 3836 368 3889 1,
383 3817 434 3873 ubi
448 3818 533 3875 etiam
546 3818 582 3873 de
597 3817 658 3875 aliis
674 3818 784 3874 Statiis.

13 3976 14 3979 Ἴ
130 3911 155 3937 ''
167 3912 250 3968 Veliae
264 3910 389 3986 quidem
402 3921 500 3968 natum
514 3930 591 3968 anno
605 3911 664 3967 sore
677 3929 714 3967 ao
727 3930 757 3985 p.
777 3910 844 3967 Chr.
857 3928 900 3980 m,
915 3909 965 3965 sed
978 3920 1045 3983 post
1056 3910 1136 3965 Nea-

101 4000 148 4067 ΡῠΙί
165 4002 335 4077 degentem,
356 4002 410 4059 ubi
426 4022 451 4061 a.
473 4006 510 4081 39
524 4004 651 4062 scholam
665 4012 824 4078 aperuerat.
841 4002 916 4059 Vide
928 4012 1033 4076 praeter
1049 4002 1131 4056 Dor«

13 4112 14 4123 ²
101 4098 278 4168 summos
295 4094 335 4153 ad
356 4096 442 4165 Sila,
457 4118 492 4170 r,
514 4100 545 4171 3,
565 4116 629 4169 1²7·

205 4225 229 4269 1·
434 4198 437 4206 ’
1004 4210 1015 4241 r
