2934 4950
57 449 95 510 (,,
113 445 185 509 41⁵.)
385 440 600 504 rueramus
620 443 732 504 unse
752 444 804 502 xr.

55 573 226 658 Abstitit3
245 570 347 664 inque
364 568 470 642 vicem
487 569 609 664 Stygio
628 569 775 644 rubuere
795 595 936 644 sorores.

115 693 292 764 Prominet
311 688 450 768 excelsis
464 689 585 786 vulgus
605 690 794 766 miserabile
812 696 935 766 teetisr

60 820 202 888 Cuncta
217 812 356 892 madent
371 811 548 909 lacrymis,
566 827 602 886 st
618 813 662 887 eb
678 815 773 887 omni
790 815 966 912 plangitur
981 842 1066 889 arce.

56 940 154 1010 Hinc
171 936 283 1032 questi
302 937 425 1011 vixisse
441 959 559 1026 tenes,
576 937 656 1010 bloc
674 953 812 1036 pectore
830 939 925 1010 nudo

57 1065 163 1131 Stant
180 1073 324 1147 matres,
341 1083 530 1155 parvosque
550 1073 663 1132 retunt
681 1061 854 1132 attendere
871 1078 979 1140 natos.

58 1190 144 1281 Ipse
160 1209 296 1281 quoque
313 1185 462 1280 Ogygios
480 1199 630 1264 monstra
646 1185 691 1256 ad
709 1186 846 1283 gentilia
865 1214 980 1259 manes

58 1311 247 1378 Tartareus
265 1320 376 1380 rector
392 1321 492 1403 porta
509 1305 606 1401 jubet
622 1309 672 1378 ire
690 1308 829 1380 reclusa.

57 1429 240 1502 Montibus
257 1429 409 1520 insidunt
427 1431 565 1524 patriis,
585 1430 742 1526 tristique
760 1457 885 1504 corona

58 1551 217 1624 Infecere
233 1550 343 1639 dienr,
359 1564 392 1622 et
408 1552 498 1622 vinei
516 1576 577 1622 aua
593 1553 734 1631 crimim
754 1553 909 1650 gaudent

106 1673 191 1745 lllos
208 1688 258 1746 ut·
268 1671 410 1745 stimulis
427 1673 476 1744 ine
492 1675 529 1744 in
545 1673 723 1746 discrimen
743 1679 869 1771 apertis

57 1797 199 1887 Audiit,
217 1812 251 1867 et
271 1795 385 1870 soelcri
402 1795 533 1869 nullum
550 1798 771 1894 jaqr·obatare
789 1800 971 1896 pudorem,

57 1917 227 2008 Advolat,
247 1934 281 1988 et
298 1919 423 1991 inedias
444 1922 598 2010 immittit
615 1920 778 1993 Adrastus
796 1923 955 1994 habenas.

57 2049 137 2140 Ipse
151 2042 291 2138 quidem
309 2043 420 2138 regnis
438 2041 584 2112 multum
602 2058 637 2114 et
655 2042 855 2116 venerabilia
874 2071 966 2135 tero,

58 2165 128 2237 Sed
149 2164 233 2259 quid
250 2162 340 2259 apud
359 2162 461 2254 tales,
477 2163 553 2259 quis
572 2189 635 2235 uec
653 2190 713 2236 aua
732 2167 874 2263 pignora
893 2169 1006 2239 oum?

58 2287 219 2359 Alternos
241 2301 352 2357 umen
372 2283 428 2355 ille
448 2301 546 2382 rogat
563 2312 572 2356 t
589 2288 855 2382 «spectabimus
872 2313 974 2385 ergo,

58 2408 251 2498 Inachidae,
270 2407 429 2506 Tyriique
445 2408 561 2479 neiat?
577 2409 635 2480 ubi
649 2409 748 2504 jura,
767 2408 924 2507 Deique?

61 2531 157 2603 bella
177 2531 258 2606 ubi?
274 2556 317 2601 ne
336 2546 483 2628 perstate
497 2532 617 2603 animis
634 2557 643 2601 ε
663 2546 697 2601 te
713 2530 885 2627 deprecor,
901 2531 1028 2622 bostis,

60 2658 290 2748 Quanquam,
307 2652 378 2725 hoe
395 2654 446 2740 irq
463 2655 570 2742 sinat,
584 2676 647 2723 nec
662 2668 701 2723 tu
717 2653 802 2725 mibi
818 2655 982 2749 sanguine
997 2653 1113 2752 longe;

59 2782 132 2865 Te,
147 2800 263 2872 gener,
280 2791 315 2845 et
328 2776 455 2871 jubeo:
476 2777 596 2871 sceptri
613 2776 641 2845 si
663 2790 756 2850 tanta
775 2774 899 2871 cupido
919 2791 991 2863 est,

59 2904 159 2969 Exuo
179 2896 307 2994 regales
322 2898 457 2969 habitus
472 2925 483 2967 ι
498 2898 509 2967 i
529 2900 683 2987 lernen,
703 2911 738 2967 et
758 2900 887 2994 Argos-

60 3018 162 3091 Solus
180 3019 277 3092 habe.
292 3048 310 3085 s
327 3021 408 3091 Non
427 3019 528 3089 verba
546 3019 653 3115 magis
673 3019 847 3091 suadentia
867 3019 1026 3116 frangunt

60 3146 251 3231 Ascensus,
271 3142 454 3235 mortisque
474 3138 575 3211 semel
595 3142 773 3217 conatibus
788 3142 945 3230 obstant,

60 3268 176 3355 Quam
195 3264 320 3358 Scytha
339 3265 486 3333 curratis
505 3279 634 3337 erectus
652 3264 810 3339 fluctibus
828 3288 978 3359 unquam

60 3389 192 3457 Pontus
209 3386 360 3481 Cyaneos
377 3387 483 3456 vetuit
499 3410 700 3459 concurrere
716 3400 857 3484 montes.

56 3494 61 3504 ⁸
113 3511 163 3579 Ut
177 3508 314 3603 periisse
331 3532 461 3603 proces,
478 3509 696 3604 geminosque
714 3506 758 3579 ad
776 3508 893 3604 proelia
910 3508 1000 3577 lusos

62 3626 205 3700 Pulvere
222 3630 437 3726 cornipedes,
455 3628 690 3726 explorarique
708 3629 878 3701 furentum

61 3755 102 3821 In
122 3750 236 3847 digitis
253 3766 387 3823 amenta
402 3750 511 3841 videt,
531 3752 636 3849 fugit,
652 3753 765 3824 omnia
786 3751 940 3848 linquens

64 3876 204 3960 Castra,
221 3874 330 3962 viros,
347 3898 528 3970 generum,
544 3874 694 3959 Thebas,
710 3898 751 3944 ae
771 3874 838 3945 fata
859 3888 1054 3957 monentem
1098 3917 1101 3923 ,

66 3998 340 4091 Conversumque
357 3998 440 4092 jugo
459 3994 618 4094 propellit
638 3984 791 4067 Ariona:
809 3996 917 4091 qualis

64 4117 236 4187 Demissus
253 4142 355 4187 curru
372 4115 462 4189 laeve
479 4134 555 4214 post
573 4121 707 4215 praemia
724 4122 822 4191 sortis
