2934 4950
302 441 359 494 270
673 417 972 478 maculatores

343 539 445 594 Vultu
459 537 513 592 lace
521 553 608 611 nsque
620 535 747 610 relinque
763 532 802 613 (v.
817 530 876 612 97).
893 557 906 584 α
914 532 1068 607 Speculum
1081 548 1201 606 quoque
1214 547 1275 586 una
1288 547 1352 586 cum

301 629 391 687 comis
402 629 503 686 demun
524 650 534 684 .·
555 647 609 685 nec
628 628 720 683 ullum
741 646 844 684 munna
864 625 973 704 gratioe
990 623 1044 682 erit
1062 623 1246 698 JFncutapic,
1265 621 1354 678 immo

301 723 410 799 gratioe
427 723 481 778 erit
499 740 586 778 aurea
604 721 730 797 pyxide,
747 721 836 776 modo
849 729 883 776 tn
896 719 927 774 in
940 718 990 774 illo
1006 716 1077 794 figas
1091 716 1193 785 aem,
1210 726 1241 772 et
1261 717 1354 772 relin-

303 836 375 893 quas
389 816 448 874 illie
465 816 684 890 inperpetuum
696 814 751 870 hos
764 823 822 870 tam
834 813 988 887 preclaros
1005 812 1134 867 multus.»
1151 811 1276 866 Maur..

288 896 294 912 ’
342 910 450 966 Iliacos
463 903 628 987 (Tithoni),
641 907 794 981 Pylumque
813 905 881 961 suus
897 902 934 982 (v.
949 899 1025 982 104).
1042 903 1109 962 mc
1123 921 1160 959 ex
1172 920 1201 973 1,
1217 909 1234 970 l.
1243 943 1253 972 ,
1277 899 1355 958 125:

534 1132 627 1148 .....
640 1097 678 1145 Tu
691 1095 777 1144 'licien
790 1091 875 1158 dignun

410 1182 512 1240 Secula,
526 1189 552 1232 et
562 1179 663 1231 Euboici
676 1179 846 1230 transcendere
856 1177 962 1244 pulveris
975 1191 1063 1237 annea,

409 1267 584 1331 Nestoreosque
596 1264 666 1325 citus,

303 1443 420 1503 refinxit
435 1443 538 1502 Markl.
552 1447 627 1500 Ante
640 1461 707 1500 euna
720 1443 821 1510 sinaul,
842 1439 924 1516 quod
939 1438 1057 1496 defendi
1076 1450 1153 1496 certe
1168 1451 1295 1514 poterat.

346 1541 439 1598 Canu.
453 1541 488 1596 V.
504 1537 736 1621 Platonemque...
749 1551 884 1610 negasses
897 1531 936 1612 (v.
954 1531 1009 1612 ro).
1027 1533 1155 1590 Verbum
1172 1552 1281 1609 negare
1291 1553 1354 1590 enm

305 1633 418 1702 dativo,
436 1643 581 1706 utsupra,
595 1651 625 1702 r,
643 1633 698 1696 tal
708 1649 716 1685 :
725 1652 739 1680 c
748 1645 814 1685 saxa
827 1626 960 1704 negantia
972 1627 1058 1682 ferro.
1070 1651 1082 1678 c
1092 1626 1165 1682 vide
1179 1628 1316 1698 Menan,
1330 1640 1357 1684 et

304 1724 462 1801 presertim
475 1726 584 1795 Gaea„
598 1742 628 1798 p.
643 1721 702 1798 298
720 1739 784 1797 sqq.
909 1753 913 1760 ·

346 1819 481 1893 Rapidi...
493 1819 601 1891 pmhu
619 1817 696 1874 com
710 1813 749 1894 (r.
769 1811 828 1890 15).
842 1815 919 1869 Bene
932 1811 1101 1869 Wakefield.
1119 1811 1157 1868 ad
1170 1813 1307 1884 Lueret,
1322 1834 1358 1886 c,

307 1915 380 1988 890,
400 1911 501 1967 moui.
516 1915 610 1982 Quem
629 1909 705 1966 vide.

351 2005 408 2060 Ter
418 2023 463 2058 me
475 2003 574 2058 nitidr‘s
591 2000 631 2080 (v.
650 1998 713 2080 28).
723 2001 781 2057 Ter
793 1999 900 2056 vicerat
917 1999 948 2056 in
961 1999 1115 2056 certamine
1134 2000 1249 2071 albano,
1266 2002 1359 2059 victus

308 2108 350 2158 eat
367 2097 399 2154 in
412 2096 564 2153 certamine
575 2093 740 2169 capitolino.

347 2204 464 2281 AEgt'rale
477 2198 516 2281 (v.
537 2199 600 2280 48).
620 2200 769 2260 Diomedis
781 2202 840 2257 haec
855 2219 939 2272 uxor,
958 2199 1123 2258 Philocteta
1141 2201 1290 2257 Meliboea.
1305 2203 1359 2259 Se-

309 2297 428 2374 quentia
440 2297 465 2354 ei
477 2297 517 2353 ita
530 2297 636 2371 scripta
649 2297 767 2352 sumunt
782 2311 798 2350 a
811 2294 919 2364 Statio,
933 2294 1015 2350 aliter
1031 2291 1153 2369 intelligi
1164 2311 1226 2350 non
1237 2307 1360 2368 possunt

309 2407 396 2466 quam
412 2391 470 2446 hoo
488 2390 578 2446 modo
601 2391 661 2446 :Et
674 2405 887 2464 quamcumque
902 2385 1000 2456 aliam,
1018 2387 1065 2443 cui
1083 2386 1202 2462 quidem
1223 2399 1359 2466 negatum

308 2494 369 2541 erat
386 2484 467 2560 aequi
482 2485 632 2555 munitm,
648 2483 714 2541 saevi
727 2482 859 2557 planctus
872 2482 903 2537 in
917 2481 1044 2538 fluorem
1062 2481 1212 2539 dederunt.
1228 2482 1305 2554 Sed,
1322 2502 1359 2539 ne

308 2578 374 2651 plna
386 2576 494 2647 dimna,
511 2576 596 2633 nimis
609 2574 688 2633 fluxa
701 2577 760 2632 hnc
781 2584 810 2631 et
830 2574 890 2631 eine
906 2576 1012 2631 colore.
1028 2572 1193 2631 Gronovius
1207 2572 1359 2631 hudonem

309 2669 432 2744 explieat
449 2669 532 2744 qumi
551 2669 708 2744 integram,
725 2668 854 2725 sedeam
867 2667 898 2723 in
915 2668 958 2724 his
978 2666 1146 2724 sententiam
1160 2667 1287 2739 inanit,
1302 2686 1360 2745 qua

308 2763 416 2820 neanias
428 2764 514 2837 plane
528 2763 600 2837 quid
614 2782 682 2838 agac
702 2785 709 2818 z
731 2782 799 2819 nant
815 2764 852 2819 ab
865 2762 1045 2837 reliquorum
1058 2762 1132 2819 serie
1150 2762 1237 2835 plane
1257 2764 1360 2819 exelu—

309 2855 397 2913 ditur.
411 2858 455 2913 De
468 2855 586 2916 Weberi
605 2850 843 2930 interpretatione
857 2856 939 2913 facile
953 2866 995 2913 est
1006 2855 1149 2929 judicium
1164 2875 1171 2910 :
1186 2878 1202 2907 α
1214 2856 1360 2915 Sententia

309 2959 353 3005 eat
374 2967 382 3004 a
399 2951 436 3006 Et
453 2951 587 3023 planetae
605 2966 774 3023 quanquam
786 2945 932 3027 (maxime)
950 2948 1016 3007 saevi
1033 2948 1163 3005 iecerunt
1173 2946 1320 3026 (AEgialen
1332 2960 1360 3005 et

309 3039 485 3119 Melibmam)
498 3041 638 3099 Mnuada.
654 3066 667 3093 υ
689 3041 877 3123 Marklandus
895 3043 992 3099 locum
1005 3042 1177 3117 pronunciat
1191 3066 1205 3094 ι
1215 3043 1290 3101 adeo
1303 3044 1358 3101 im-

309 3134 431 3191 maniter
448 3135 650 3209 depravatum,
664 3134 772 3192 ataine
793 3134 900 3193 codicia
914 3136 1033 3208 alicujus
1045 3138 1091 3191 vel
1104 3136 1240 3193 variantis
1256 3136 1359 3195 lectio-

309 3227 355 3283 nia
371 3226 545 3283 adminiculo
563 3227 738 3302 impossibile
751 3229 787 3285 sit
801 3248 867 3285 eum
883 3229 913 3285 in
928 3228 1077 3285 sanitatem
1090 3247 1223 3287 asserere.
1239 3255 1253 3281 a
1265 3231 1358 3305 Equi-

311 3318 378 3376 dem
394 3319 496 3375 vitinm
514 3340 575 3379 non
595 3331 653 3377 tam
672 3324 728 3378 alte
744 3322 833 3398 egisse
846 3322 957 3387 radices
970 3322 1116 3395 existimo,
1130 3322 1180 3379 sed
1199 3332 1280 3379 certo
1293 3322 1359 3379 muri

311 3414 415 3472 certius
434 3432 603 3488 persuasum
621 3426 674 3486 eat,
694 3416 725 3471 in
744 3436 910 3492 quanquam
932 3419 1019 3473 latere
1038 3435 1145 3475 nomen
1161 3416 1284 3491 aliquod
1304 3418 1359 3473 He-

310 3506 428 3579 roides,
448 3508 566 3565 fortasse
585 3510 687 3581 latiae,
701 3510 801 3583 quales
820 3528 906 3583 supra
925 3508 1015 3565 verbo
1033 3509 1186 3579 indicavit,
1199 3512 1358 3567 Graecarum

311 3600 507 3671 eodemmodo,
521 3602 564 3657 uti
586 3599 704 3675 quidem
723 3603 811 3659 hodie
831 3602 951 3677 legitur,
969 3602 1145 3659 mentionem
1166 3600 1356 3672 arbjeetmm.

311 3693 381 3765 Ejus
393 3694 516 3751 nominis
537 3694 702 3750 inveniendi
723 3714 821 3753 curam
835 3694 868 3751 iis
889 3695 1055 3765 comnritto,
1074 3695 1180 3769 quibus
1200 3693 1312 3751 felicius
1329 3694 1356 3747 in

311 3786 403 3843 Statio
424 3786 621 3842 commorandi
644 3787 735 3843 otium
751 3798 801 3845 est.
822 3787 953 3863 Cogitavi
969 3787 1006 3844 de
1025 3786 1180 3844 La'odamia
1198 3784 1357 3854 Protesilai,

313 3896 377 3953 quae
390 3896 419 3933 se
440 3878 602 3934 AEmoeu'am
619 3878 690 3952 dicit
703 3880 782 3955 apud
800 3880 936 3937 Ovidium
950 3879 980 3936 in
1001 3880 1149 3955 Epr'stolia
1163 3878 1357 3937 AEMONIAM

313 3989 372 4027 non
394 3971 477 4028 nimis
495 3972 582 4048 longe
596 3972 676 4029 abest
694 3974 937 4031 aETctntctM
951 3971 992 4049 (in
1015 3971 1217 4048 antiquissimis
1240 3970 1355 4029 enimi

314 4064 371 4121 iere
384 4064 567 4144 rotundum),
586 4086 602 4123 e
616 4085 676 4141 quo
690 4078 818 4123 monstro
833 4066 932 4123 elicere
946 4076 1080 4141 poterant
1097 4078 1127 4122 et
1143 4082 1313 4141 quanquam.
