<?xml version="1.0" encoding="UTF-8"?>
<!DOCTYPE html PUBLIC "-//W3C//DTD XHTML 1.0 Transitional//EN"
    "http://www.w3.org/TR/xhtml1/DTD/xhtml1-transitional.dtd">
<html xmlns="http://www.w3.org/1999/xhtml" xml:lang="en" lang="en">
 <head>
  <title>
</title>
<meta http-equiv="Content-Type" content="text/html;charset=utf-8" />
  <meta name='ocr-system' content='tesseract 3.04.00' />
  <meta name='ocr-capabilities' content='ocr_page ocr_carea ocr_par ocr_line ocrx_word'/>
</head>
<body>
  <div class='ocr_page' id='page_1' title='image "./operaquaeextant01dbgoog_0405.png"; bbox 0 0 2934 4950; ppageno 0'>
   <div class='ocr_carea' id='block_1_1' title="bbox 396 431 1417 503">
    <p class='ocr_par' dir='ltr' id='par_1_1' title="bbox 396 431 1417 503">
     <span class='ocr_line' id='line_1_1' title="bbox 396 431 1417 503; baseline -0.024 0"><span class='ocrx_word' id='word_1_1' title='bbox 396 431 432 503; x_wconf 78' lang='lat'><strong>76</strong></span> <span class='ocrx_word' id='word_1_2' title='bbox 713 432 927 491; x_wconf 74' lang='lat' dir='ltr'><strong>rnunamos</strong></span> <span class='ocrx_word' id='word_1_3' title='bbox 948 435 1060 491; x_wconf 78' lang='lat' dir='ltr'><strong>mem</strong></span> <span class='ocrx_word' id='word_1_4' title='bbox 1082 436 1131 489; x_wconf 84' lang='lat' dir='ltr'><strong>vt.</strong></span> <span class='ocrx_word' id='word_1_5' title='bbox 1324 434 1417 497; x_wconf 44' lang='lat' dir='ltr'><strong>(aaa</strong></span> 
     </span>
    </p>
   </div>
   <div class='ocr_carea' id='block_1_2' title="bbox 380 556 1325 897">
    <p class='ocr_par' dir='ltr' id='par_1_2' title="bbox 380 556 1325 897">
     <span class='ocr_line' id='line_1_2' title="bbox 394 556 1325 629; baseline 0 -2"><span class='ocrx_word' id='word_1_6' title='bbox 394 556 495 627; x_wconf 89' lang='lat' dir='ltr'><strong>Nuda</strong></span> <span class='ocrx_word' id='word_1_7' title='bbox 515 556 634 627; x_wconf 82' lang='lat' dir='ltr'>cohors</span> <span class='ocrx_word' id='word_1_8' title='bbox 649 583 656 625; x_wconf 92' lang='lat'>:</span> <span class='ocrx_word' id='word_1_9' title='bbox 672 557 826 628; x_wconf 79' lang='lat' dir='ltr'><strong>volucres</strong></span> <span class='ocrx_word' id='word_1_10' title='bbox 838 558 954 628; x_wconf 89' lang='lat' dir='ltr'><strong>iisdem</strong></span> <span class='ocrx_word' id='word_1_11' title='bbox 972 561 1073 629; x_wconf 89' lang='lat' dir='ltr'><strong>modo</strong></span> <span class='ocrx_word' id='word_1_12' title='bbox 1093 560 1219 629; x_wconf 90' lang='lat' dir='ltr'><strong>tardius</strong></span> <span class='ocrx_word' id='word_1_13' title='bbox 1237 561 1325 628; x_wconf 85' lang='lat' dir='ltr'><strong>arvis</strong></span> 
     </span>
     <span class='ocr_line' id='line_1_3' title="bbox 395 663 1229 776; baseline 0.005 -31"><span class='ocrx_word' id='word_1_14' title='bbox 395 681 463 747; x_wconf 87' lang='lat' dir='ltr'><strong>Isse</strong></span> <span class='ocrx_word' id='word_1_15' title='bbox 480 678 635 747; x_wconf 88' lang='lat' dir='ltr'><strong>videntur</strong></span> <span class='ocrx_word' id='word_1_16' title='bbox 651 674 751 773; x_wconf 86' lang='lat' dir='ltr'><strong>equi:</strong></span> <span class='ocrx_word' id='word_1_17' title='bbox 768 681 883 775; x_wconf 84' lang='lat' dir='ltr'><strong>credas</strong></span> <span class='ocrx_word' id='word_1_18' title='bbox 900 707 919 750; x_wconf 95' lang='lat' dir='ltr'><strong>e</strong></span> <span class='ocrx_word' id='word_1_19' title='bbox 937 663 1039 776; x_wconf 30' lang='lat' dir='ltr'><strong>piebe&#39;</strong></span> <span class='ocrx_word' id='word_1_20' title='bbox 1052 682 1229 775; x_wconf 77' lang='lat' dir='ltr'><strong>Cydonum</strong></span> 
     </span>
     <span class='ocr_line' id='line_1_4' title="bbox 380 785 1267 897; baseline 0.005 -30"><span class='ocrx_word' id='word_1_21' title='bbox 380 785 662 893; x_wconf 77' lang='lat' dir='ltr'><strong>,Parthorumque</strong></span> <span class='ocrx_word' id='word_1_22' title='bbox 679 800 759 896; x_wconf 82' lang='lat' dir='ltr'><strong>fuga</strong></span> <span class='ocrx_word' id='word_1_23' title='bbox 777 801 914 870; x_wconf 87' lang='lat' dir='ltr'><strong>totidem</strong></span> <span class='ocrx_word' id='word_1_24' title='bbox 933 802 1103 872; x_wconf 84' lang='lat' dir='ltr'><strong>exsiluisse</strong></span> <span class='ocrx_word' id='word_1_25' title='bbox 1121 804 1267 897; x_wconf 77' lang='lat' dir='ltr'><strong>sagittas.</strong></span> 
     </span>
    </p>
   </div>
   <div class='ocr_carea' id='block_1_3' title="bbox 293 918 1441 4175">
    <p class='ocr_par' dir='ltr' id='par_1_3' title="bbox 293 918 1441 4175">
     <span class='ocr_line' id='line_1_5' title="bbox 395 918 1197 1018; baseline 0.002 -29"><span class='ocrx_word' id='word_1_26' title='bbox 395 920 473 989; x_wconf 87' lang='lat' dir='ltr'><strong>Non</strong></span> <span class='ocrx_word' id='word_1_27' title='bbox 494 918 590 989; x_wconf 86' lang='lat' dir='ltr'><strong>aliter</strong></span> <span class='ocrx_word' id='word_1_28' title='bbox 608 919 728 990; x_wconf 83' lang='lat' dir='ltr'><strong>celeres</strong></span> <span class='ocrx_word' id='word_1_29' title='bbox 745 926 900 1016; x_wconf 88' lang='lat' dir='ltr'><strong>Hyrcana</strong></span> <span class='ocrx_word' id='word_1_30' title='bbox 918 948 980 1018; x_wconf 91' lang='lat' dir='ltr'><strong>per</strong></span> <span class='ocrx_word' id='word_1_31' title='bbox 996 925 1071 990; x_wconf 90' lang='lat' dir='ltr'><strong>avia</strong></span> <span class='ocrx_word' id='word_1_32' title='bbox 1091 925 1197 1009; x_wconf 83' lang='lat' dir='ltr'><strong>cervi,</strong></span> 
     </span>
     <span class='ocr_line' id='line_1_6' title="bbox 394 1040 1299 1137; baseline 0.006 -29"><span class='ocrx_word' id='word_1_33' title='bbox 394 1041 509 1127; x_wconf 82' lang='lat' dir='ltr'><strong>Quum</strong></span> <span class='ocrx_word' id='word_1_34' title='bbox 527 1040 645 1135; x_wconf 88' lang='lat' dir='ltr'><strong>procul</strong></span> <span class='ocrx_word' id='word_1_35' title='bbox 661 1044 793 1137; x_wconf 89' lang='lat' dir='ltr'><strong>impasti</strong></span> <span class='ocrx_word' id='word_1_36' title='bbox 811 1042 980 1112; x_wconf 85' lang='lat' dir='ltr'><strong>fremitum</strong></span> <span class='ocrx_word' id='word_1_37' title='bbox 998 1068 1154 1137; x_wconf 88' lang='lat' dir='ltr'><strong>accepere</strong></span> <span class='ocrx_word' id='word_1_38' title='bbox 1174 1043 1299 1133; x_wconf 85' lang='lat' dir='ltr'><strong>leonis,</strong></span> 
     </span>
     <span class='ocr_line' id='line_1_7' title="bbox 298 1142 1317 1259; baseline 0.003 -29"><span class='ocrx_word' id='word_1_39' title='bbox 298 1142 301 1147; x_wconf 69' lang='lat'><em>,</em></span> <span class='ocrx_word' id='word_1_40' title='bbox 396 1162 471 1230; x_wconf 91' lang='lat' dir='ltr'><strong>Sive</strong></span> <span class='ocrx_word' id='word_1_41' title='bbox 488 1176 608 1256; x_wconf 89' lang='lat' dir='ltr'><strong>putant</strong></span> <span class='ocrx_word' id='word_1_42' title='bbox 623 1164 734 1257; x_wconf 86' lang='lat' dir='ltr'><strong>:rapit</strong></span> <span class='ocrx_word' id='word_1_43' title='bbox 754 1166 912 1233; x_wconf 89' lang='lat' dir='ltr'><strong>attonitos</strong></span> <span class='ocrx_word' id='word_1_44' title='bbox 930 1163 1010 1259; x_wconf 88' lang='lat' dir='ltr'><strong>suga</strong></span> <span class='ocrx_word' id='word_1_45' title='bbox 1028 1190 1128 1250; x_wconf 79' lang='lat' dir='ltr'><strong>eoeca,</strong></span> <span class='ocrx_word' id='word_1_46' title='bbox 1144 1180 1317 1259; x_wconf 89' lang='lat' dir='ltr'><strong>metusque</strong></span> 
     </span>
     <span class='ocr_line' id='line_1_8' title="bbox 395 1282 1359 1381; baseline 0.001 -30"><span class='ocrx_word' id='word_1_47' title='bbox 395 1285 600 1378; x_wconf 85' lang='lat' dir='ltr'><strong>Congregat,</strong></span> <span class='ocrx_word' id='word_1_48' title='bbox 618 1299 650 1352; x_wconf 90' lang='lat' dir='ltr'><strong>et</strong></span> <span class='ocrx_word' id='word_1_49' title='bbox 669 1282 807 1378; x_wconf 88' lang='lat' dir='ltr'><strong>longum</strong></span> <span class='ocrx_word' id='word_1_50' title='bbox 827 1285 908 1354; x_wconf 88' lang='lat' dir='ltr'><strong>dant</strong></span> <span class='ocrx_word' id='word_1_51' title='bbox 925 1309 1051 1353; x_wconf 89' lang='lat' dir='ltr'><strong>cornua</strong></span> <span class='ocrx_word' id='word_1_52' title='bbox 1068 1287 1172 1354; x_wconf 87' lang='lat' dir='ltr'><strong>mixta</strong></span> <span class='ocrx_word' id='word_1_53' title='bbox 1188 1285 1359 1381; x_wconf 80' lang='lat' dir='ltr'><strong>fragorem.</strong></span> 
     </span>
     <span class='ocr_line' id='line_1_9' title="bbox 443 1403 1230 1501; baseline 0.005 -28"><span class='ocrx_word' id='word_1_54' title='bbox 443 1403 574 1500; x_wconf 87' lang='lat' dir='ltr'><strong>Effugit</strong></span> <span class='ocrx_word' id='word_1_55' title='bbox 592 1406 648 1474; x_wconf 89' lang='lat' dir='ltr'><strong>hic</strong></span> <span class='ocrx_word' id='word_1_56' title='bbox 665 1404 779 1474; x_wconf 91' lang='lat' dir='ltr'><strong>oculos</strong></span> <span class='ocrx_word' id='word_1_57' title='bbox 801 1406 917 1500; x_wconf 90' lang='lat' dir='ltr'><strong>rapida</strong></span> <span class='ocrx_word' id='word_1_58' title='bbox 937 1431 1022 1501; x_wconf 91' lang='lat' dir='ltr'><strong>puer</strong></span> <span class='ocrx_word' id='word_1_59' title='bbox 1036 1409 1129 1477; x_wconf 90' lang='lat' dir='ltr'><strong>ocior</strong></span> <span class='ocrx_word' id='word_1_60' title='bbox 1148 1433 1230 1477; x_wconf 89' lang='lat' dir='ltr'><strong>aura</strong></span> 
     </span>
     <span class='ocr_line' id='line_1_10' title="bbox 395 1524 1380 1623; baseline 0.002 -29"><span class='ocrx_word' id='word_1_61' title='bbox 395 1524 587 1615; x_wconf 82' lang='lat' dir='ltr'><strong>Maenalius,</strong></span> <span class='ocrx_word' id='word_1_62' title='bbox 609 1552 707 1621; x_wconf 89' lang='lat' dir='ltr'><strong>quem</strong></span> <span class='ocrx_word' id='word_1_63' title='bbox 726 1525 845 1595; x_wconf 88' lang='lat' dir='ltr'><strong>deinde</strong></span> <span class='ocrx_word' id='word_1_64' title='bbox 867 1526 973 1622; x_wconf 86' lang='lat' dir='ltr'><strong>gradu</strong></span> <span class='ocrx_word' id='word_1_65' title='bbox 993 1531 1115 1623; x_wconf 84' lang='lat' dir='ltr'><strong>premit</strong></span> <span class='ocrx_word' id='word_1_66' title='bbox 1129 1529 1286 1603; x_wconf 84' lang='lat' dir='ltr'><strong>horridus</strong></span> <span class='ocrx_word' id='word_1_67' title='bbox 1300 1529 1380 1617; x_wconf 85' lang='lat' dir='ltr'><strong>Idas,</strong></span> 
     </span>
     <span class='ocr_line' id='line_1_11' title="bbox 394 1648 1320 1743; baseline 0.002 -26"><span class='ocrx_word' id='word_1_68' title='bbox 394 1648 606 1743; x_wconf 81' lang='lat' dir='ltr'><strong>inspiratque</strong></span> <span class='ocrx_word' id='word_1_69' title='bbox 625 1649 785 1736; x_wconf 83' lang='lat' dir='ltr'><strong>humer03</strong></span> <span class='ocrx_word' id='word_1_70' title='bbox 804 1648 970 1742; x_wconf 87' lang='lat' dir='ltr'><strong>flatuque,</strong></span> <span class='ocrx_word' id='word_1_71' title='bbox 989 1664 1023 1718; x_wconf 91' lang='lat' dir='ltr'><strong>et</strong></span> <span class='ocrx_word' id='word_1_72' title='bbox 1040 1651 1183 1743; x_wconf 85' lang='lat' dir='ltr'><strong>pectoris</strong></span> <span class='ocrx_word' id='word_1_73' title='bbox 1203 1651 1320 1719; x_wconf 88' lang='lat' dir='ltr'><strong>umbra</strong></span> 
     </span>
     <span class='ocr_line' id='line_1_12' title="bbox 395 1747 1441 1865; baseline 0.003 -28"><span class='ocrx_word' id='word_1_74' title='bbox 395 1772 503 1864; x_wconf 84' lang='lat' dir='ltr'><strong>Terga</strong></span> <span class='ocrx_word' id='word_1_75' title='bbox 522 1772 643 1864; x_wconf 87' lang='lat' dir='ltr'><strong>premit</strong></span> <span class='ocrx_word' id='word_1_76' title='bbox 660 1796 668 1838; x_wconf 76' lang='grc' dir='ltr'><em>τ</em></span> <span class='ocrx_word' id='word_1_77' title='bbox 683 1785 759 1863; x_wconf 89' lang='lat' dir='ltr'><strong>post</strong></span> <span class='ocrx_word' id='word_1_78' title='bbox 777 1770 934 1865; x_wconf 83' lang='lat' dir='ltr'><strong>ambiguo</strong></span> <span class='ocrx_word' id='word_1_79' title='bbox 952 1770 1141 1839; x_wconf 88' lang='lat' dir='ltr'><strong>discrimine</strong></span> <span class='ocrx_word' id='word_1_80' title='bbox 1161 1770 1303 1840; x_wconf 90' lang='lat' dir='ltr'><strong>tendunt</strong></span> <span class='ocrx_word' id='word_1_81' title='bbox 1440 1747 1441 1750; x_wconf 8' lang='grc' dir='ltr'><strong>Ἴ</strong></span> 
     </span>
     <span class='ocr_line' id='line_1_13' title="bbox 397 1890 1365 1986; baseline -0.001 -25"><span class='ocrx_word' id='word_1_82' title='bbox 397 1891 582 1961; x_wconf 80' lang='lat' dir='ltr'><strong>Phaedimus</strong></span> <span class='ocrx_word' id='word_1_83' title='bbox 602 1906 702 1985; x_wconf 91' lang='lat' dir='ltr'><strong>atque</strong></span> <span class='ocrx_word' id='word_1_84' title='bbox 723 1894 872 1986; x_wconf 82' lang='lat' dir='ltr'><strong>Dymas:</strong></span> <span class='ocrx_word' id='word_1_85' title='bbox 892 1890 956 1963; x_wconf 88' lang='lat' dir='ltr'><strong>illis</strong></span> <span class='ocrx_word' id='word_1_86' title='bbox 975 1891 1064 1961; x_wconf 88' lang='lat' dir='ltr'><strong>celer</strong></span> <span class='ocrx_word' id='word_1_87' title='bbox 1084 1894 1244 1983; x_wconf 25' lang='lat' dir='ltr'><strong>imminet,</strong></span> <span class='ocrx_word' id='word_1_88' title='bbox 1256 1893 1365 1963; x_wconf 82' lang='lat' dir='ltr'><strong>Alcon.</strong></span> 
     </span>
     <span class='ocr_line' id='line_1_14' title="bbox 443 2013 1217 2109; baseline 0.004 -27"><span class='ocrx_word' id='word_1_89' title='bbox 443 2013 564 2083; x_wconf 85' lang='lat' dir='ltr'><strong>Flavus</strong></span> <span class='ocrx_word' id='word_1_90' title='bbox 586 2014 628 2083; x_wconf 88' lang='lat' dir='ltr'><strong>ab</strong></span> <span class='ocrx_word' id='word_1_91' title='bbox 645 2015 779 2083; x_wconf 92' lang='lat' dir='ltr'><strong>intonso</strong></span> <span class='ocrx_word' id='word_1_92' title='bbox 795 2013 962 2109; x_wconf 85' lang='lat' dir='ltr'><strong>pendebat</strong></span> <span class='ocrx_word' id='word_1_93' title='bbox 976 2018 1098 2085; x_wconf 73' lang='lat' dir='ltr'><strong>vertice</strong></span> <span class='ocrx_word' id='word_1_94' title='bbox 1115 2017 1217 2085; x_wconf 89' lang='lat' dir='ltr'><strong>crinis</strong></span> 
     </span>
     <span class='ocr_line' id='line_1_15' title="bbox 396 2135 1264 2231; baseline 0.001 -26"><span class='ocrx_word' id='word_1_95' title='bbox 396 2136 543 2205; x_wconf 81' lang='lat' dir='ltr'><strong>Arcados</strong></span> <span class='ocrx_word' id='word_1_96' title='bbox 559 2160 567 2203; x_wconf 74' lang='grc' dir='ltr'><strong>ι</strong></span> <span class='ocrx_word' id='word_1_97' title='bbox 583 2135 647 2203; x_wconf 90' lang='lat' dir='ltr'><strong>boc</strong></span> <span class='ocrx_word' id='word_1_98' title='bbox 667 2136 782 2229; x_wconf 88' lang='lat' dir='ltr'><strong>primis</strong></span> <span class='ocrx_word' id='word_1_99' title='bbox 798 2137 917 2205; x_wconf 85' lang='lat' dir='ltr'><strong>Triviae</strong></span> <span class='ocrx_word' id='word_1_100' title='bbox 934 2138 1090 2231; x_wconf 89' lang='lat' dir='ltr'><strong>pascebat</strong></span> <span class='ocrx_word' id='word_1_101' title='bbox 1106 2137 1148 2204; x_wconf 89' lang='lat' dir='ltr'><strong>ab</strong></span> <span class='ocrx_word' id='word_1_102' title='bbox 1165 2138 1264 2207; x_wconf 88' lang='lat' dir='ltr'><strong>annis</strong></span> 
     </span>
     <span class='ocr_line' id='line_1_16' title="bbox 397 2257 1251 2351; baseline 0.002 -26"><span class='ocrx_word' id='word_1_103' title='bbox 397 2260 537 2343; x_wconf 86' lang='lat' dir='ltr'><strong>Munus,</strong></span> <span class='ocrx_word' id='word_1_104' title='bbox 555 2270 588 2325; x_wconf 90' lang='lat' dir='ltr'><strong>et</strong></span> <span class='ocrx_word' id='word_1_105' title='bbox 603 2257 733 2351; x_wconf 86' lang='lat' dir='ltr'><strong>Ogygio</strong></span> <span class='ocrx_word' id='word_1_106' title='bbox 750 2257 858 2325; x_wconf 85' lang='lat' dir='ltr'><strong>victor</strong></span> <span class='ocrx_word' id='word_1_107' title='bbox 878 2282 955 2326; x_wconf 90' lang='lat' dir='ltr'><strong>cum</strong></span> <span class='ocrx_word' id='word_1_108' title='bbox 968 2260 1078 2326; x_wconf 89' lang='lat' dir='ltr'><strong>Marte</strong></span> <span class='ocrx_word' id='word_1_109' title='bbox 1097 2258 1251 2347; x_wconf 85' lang='lat' dir='ltr'><strong>redisset,</strong></span> 
     </span>
     <span class='ocr_line' id='line_1_17' title="bbox 293 2374 1242 2478; baseline 0.002 -29"><span class='ocrx_word' id='word_1_110' title='bbox 293 2474 295 2478; x_wconf 17' lang='grc' dir='ltr'><strong><em>ι</em></strong></span> <span class='ocrx_word' id='word_1_111' title='bbox 397 2374 627 2472; x_wconf 85' lang='lat' dir='ltr'><strong>Nequicquam</strong></span> <span class='ocrx_word' id='word_1_112' title='bbox 647 2381 764 2475; x_wconf 89' lang='lat' dir='ltr'><strong>patriis</strong></span> <span class='ocrx_word' id='word_1_113' title='bbox 780 2377 889 2448; x_wconf 81' lang='lat' dir='ltr'><strong>audax</strong></span> <span class='ocrx_word' id='word_1_114' title='bbox 905 2382 1104 2475; x_wconf 88' lang='lat' dir='ltr'><strong>promiserat</strong></span> <span class='ocrx_word' id='word_1_115' title='bbox 1118 2382 1194 2449; x_wconf 91' lang='lat' dir='ltr'><strong>aris.</strong></span> <span class='ocrx_word' id='word_1_116' title='bbox 1239 2447 1242 2451; x_wconf 86' lang='lat'><em>.</em></span> 
     </span>
     <span class='ocr_line' id='line_1_18' title="bbox 397 2499 1171 2597; baseline 0.005 -29"><span class='ocrx_word' id='word_1_117' title='bbox 397 2501 491 2570; x_wconf 89' lang='lat' dir='ltr'><strong>Tune</strong></span> <span class='ocrx_word' id='word_1_118' title='bbox 510 2499 594 2569; x_wconf 88' lang='lat' dir='ltr'><strong>liber</strong></span> <span class='ocrx_word' id='word_1_119' title='bbox 610 2526 712 2587; x_wconf 84' lang='lat' dir='ltr'><strong>nexu,</strong></span> <span class='ocrx_word' id='word_1_120' title='bbox 733 2499 863 2595; x_wconf 87' lang='lat' dir='ltr'><strong>lateque</strong></span> <span class='ocrx_word' id='word_1_121' title='bbox 875 2502 916 2568; x_wconf 86' lang='lat' dir='ltr'><strong>in</strong></span> <span class='ocrx_word' id='word_1_122' title='bbox 933 2512 1026 2597; x_wconf 83' lang='lat' dir='ltr'><strong>terga</strong></span> <span class='ocrx_word' id='word_1_123' title='bbox 1044 2500 1171 2572; x_wconf 87' lang='lat' dir='ltr'><strong>solutus</strong></span> 
     </span>
     <span class='ocr_line' id='line_1_19' title="bbox 397 2613 1229 2718; baseline 0.005 -29"><span class='ocrx_word' id='word_1_124' title='bbox 397 2623 550 2690; x_wconf 90' lang='lat' dir='ltr'><strong>Occursu</strong></span> <span class='ocrx_word' id='word_1_125' title='bbox 565 2613 709 2717; x_wconf 81' lang='lat' dir='ltr'><strong>Zephyri</strong></span> <span class='ocrx_word' id='word_1_126' title='bbox 726 2637 821 2694; x_wconf 86' lang='lat' dir='ltr'><strong>retro</strong></span> <span class='ocrx_word' id='word_1_127' title='bbox 833 2621 936 2718; x_wconf 83' lang='lat' dir='ltr'><strong>fugit,</strong></span> <span class='ocrx_word' id='word_1_128' title='bbox 952 2637 986 2691; x_wconf 88' lang='lat' dir='ltr'><strong>et</strong></span> <span class='ocrx_word' id='word_1_129' title='bbox 1002 2621 1100 2693; x_wconf 90' lang='lat' dir='ltr'><strong>simul</strong></span> <span class='ocrx_word' id='word_1_130' title='bbox 1119 2625 1229 2718; x_wconf 92' lang='lat' dir='ltr'><strong>ipsum</strong></span> 
     </span>
     <span class='ocr_line' id='line_1_20' title="bbox 383 2721 1201 2839; baseline 0.001 -26"><span class='ocrx_word' id='word_1_131' title='bbox 383 2731 557 2839; x_wconf 81' lang='lat' dir='ltr'><strong>¹Impedit,</strong></span> <span class='ocrx_word' id='word_1_132' title='bbox 577 2743 762 2838; x_wconf 87' lang='lat' dir='ltr'><strong>infestoque</strong></span> <span class='ocrx_word' id='word_1_133' title='bbox 781 2721 897 2814; x_wconf 85' lang='lat' dir='ltr'><strong>volans</strong></span> <span class='ocrx_word' id='word_1_134' title='bbox 914 2745 1108 2815; x_wconf 90' lang='lat' dir='ltr'><strong>obtenditur</strong></span> <span class='ocrx_word' id='word_1_135' title='bbox 1124 2745 1201 2816; x_wconf 81' lang='lat' dir='ltr'><strong>Idae.</strong></span> 
     </span>
     <span class='ocr_line' id='line_1_21' title="bbox 398 2865 1327 2960; baseline 0.004 -26"><span class='ocrx_word' id='word_1_136' title='bbox 398 2865 480 2935; x_wconf 90' lang='lat' dir='ltr'><strong>Inde</strong></span> <span class='ocrx_word' id='word_1_137' title='bbox 499 2865 614 2934; x_wconf 87' lang='lat' dir='ltr'><strong>dolum</strong></span> <span class='ocrx_word' id='word_1_138' title='bbox 629 2866 780 2958; x_wconf 86' lang='lat' dir='ltr'><strong>juvenis,</strong></span> <span class='ocrx_word' id='word_1_139' title='bbox 799 2865 975 2960; x_wconf 85' lang='lat' dir='ltr'><strong>fraudique</strong></span> <span class='ocrx_word' id='word_1_140' title='bbox 991 2868 1206 2938; x_wconf 90' lang='lat' dir='ltr'><strong>accommoda</strong></span> <span class='ocrx_word' id='word_1_141' title='bbox 1224 2872 1327 2939; x_wconf 91' lang='lat' dir='ltr'><strong>sensit</strong></span> 
     </span>
     <span class='ocr_line' id='line_1_22' title="bbox 327 2987 1271 3082; baseline 0.004 -26"><span class='ocrx_word' id='word_1_142' title='bbox 327 3013 330 3018; x_wconf 65' lang='grc'><strong><em>’</em></strong></span> <span class='ocrx_word' id='word_1_143' title='bbox 374 3015 382 3032; x_wconf 88' lang='grc'><em>·</em></span> <span class='ocrx_word' id='word_1_144' title='bbox 398 2991 585 3082; x_wconf 89' lang='lat' dir='ltr'><strong>Tempora:</strong></span> <span class='ocrx_word' id='word_1_145' title='bbox 598 2989 668 3081; x_wconf 89' lang='lat' dir='ltr'><strong>jam</strong></span> <span class='ocrx_word' id='word_1_146' title='bbox 683 2987 786 3059; x_wconf 90' lang='lat' dir='ltr'><strong>finem</strong></span> <span class='ocrx_word' id='word_1_147' title='bbox 799 2989 909 3082; x_wconf 77' lang='lat' dir='ltr'><strong>juxta,</strong></span> <span class='ocrx_word' id='word_1_148' title='bbox 928 2988 1008 3058; x_wconf 92' lang='lat' dir='ltr'><strong>dum</strong></span> <span class='ocrx_word' id='word_1_149' title='bbox 1025 2987 1142 3059; x_wconf 92' lang='lat' dir='ltr'><strong>limina</strong></span> <span class='ocrx_word' id='word_1_150' title='bbox 1160 2991 1271 3060; x_wconf 84' lang='lat' dir='ltr'><strong>victor</strong></span> 
     </span>
     <span class='ocr_line' id='line_1_23' title="bbox 397 3110 1222 3205; baseline 0.002 -27"><span class='ocrx_word' id='word_1_151' title='bbox 397 3110 655 3205; x_wconf 82' lang='lat' dir='ltr'><strong>Parthenopaeus</strong></span> <span class='ocrx_word' id='word_1_152' title='bbox 674 3111 756 3198; x_wconf 84' lang='lat' dir='ltr'><strong>init,</strong></span> <span class='ocrx_word' id='word_1_153' title='bbox 772 3125 926 3205; x_wconf 83' lang='lat' dir='ltr'><strong>correpto</strong></span> <span class='ocrx_word' id='word_1_154' title='bbox 942 3113 1033 3180; x_wconf 88' lang='lat' dir='ltr'><strong>crine</strong></span> <span class='ocrx_word' id='word_1_155' title='bbox 1048 3110 1222 3180; x_wconf 88' lang='lat' dir='ltr'><strong>reductum</strong></span> 
     </span>
     <span class='ocr_line' id='line_1_24' title="bbox 399 3228 1330 3326; baseline 0.004 -29"><span class='ocrx_word' id='word_1_156' title='bbox 399 3232 567 3324; x_wconf 86' lang='lat' dir='ltr'><strong>Occupat,</strong></span> <span class='ocrx_word' id='word_1_157' title='bbox 588 3245 621 3299; x_wconf 91' lang='lat' dir='ltr'><strong>et</strong></span> <span class='ocrx_word' id='word_1_158' title='bbox 637 3228 745 3326; x_wconf 86' lang='lat' dir='ltr'><strong>longae</strong></span> <span class='ocrx_word' id='word_1_159' title='bbox 761 3233 889 3326; x_wconf 91' lang='lat' dir='ltr'><strong>primus</strong></span> <span class='ocrx_word' id='word_1_160' title='bbox 908 3231 984 3299; x_wconf 89' lang='lat' dir='ltr'><strong>ferit</strong></span> <span class='ocrx_word' id='word_1_161' title='bbox 1002 3234 1087 3300; x_wconf 89' lang='lat' dir='ltr'><strong>ostia</strong></span> <span class='ocrx_word' id='word_1_162' title='bbox 1105 3247 1220 3326; x_wconf 75' lang='lat' dir='ltr'><strong>porte.</strong></span> <span class='ocrx_word' id='word_1_163' title='bbox 1327 3307 1330 3310; x_wconf 55' lang='grc'>,</span> 
     </span>
     <span class='ocr_line' id='line_1_25' title="bbox 448 3351 1352 3450; baseline 0.004 -29"><span class='ocrx_word' id='word_1_164' title='bbox 448 3351 593 3422; x_wconf 78' lang='lat' dir='ltr'><strong>Arcades</strong></span> <span class='ocrx_word' id='word_1_165' title='bbox 613 3377 705 3421; x_wconf 91' lang='lat' dir='ltr'><strong>arma</strong></span> <span class='ocrx_word' id='word_1_166' title='bbox 726 3351 891 3439; x_wconf 81' lang='lat' dir='ltr'><strong>fiemunt3</strong></span> <span class='ocrx_word' id='word_1_167' title='bbox 911 3353 1013 3422; x_wconf 89' lang='lat' dir='ltr'><strong>armis</strong></span> <span class='ocrx_word' id='word_1_168' title='bbox 1030 3351 1209 3422; x_wconf 83' lang='lat' dir='ltr'><strong>defendere</strong></span> <span class='ocrx_word' id='word_1_169' title='bbox 1228 3379 1352 3450; x_wconf 85' lang='lat' dir='ltr'><strong>regem,</strong></span> 
     </span>
     <span class='ocr_line' id='line_1_26' title="bbox 399 3457 1312 3568; baseline 0.002 -22"><span class='ocrx_word' id='word_1_170' title='bbox 399 3457 444 3547; x_wconf 78' lang='lat' dir='ltr'><strong>Ni</strong></span> <span class='ocrx_word' id='word_1_171' title='bbox 462 3488 594 3568; x_wconf 88' lang='lat' dir='ltr'><strong>raptum</strong></span> <span class='ocrx_word' id='word_1_172' title='bbox 612 3473 765 3560; x_wconf 75' lang='lat' dir='ltr'><strong>decusat</strong></span> <span class='ocrx_word' id='word_1_173' title='bbox 783 3474 892 3544; x_wconf 91' lang='lat' dir='ltr'><strong>meriti</strong></span> <span class='ocrx_word' id='word_1_174' title='bbox 909 3472 1094 3542; x_wconf 90' lang='lat' dir='ltr'><strong>reddantur</strong></span> <span class='ocrx_word' id='word_1_175' title='bbox 1111 3473 1277 3564; x_wconf 87' lang='lat' dir='ltr'><strong>honores,</strong></span> <span class='ocrx_word' id='word_1_176' title='bbox 1305 3529 1312 3548; x_wconf 73' lang='grc'>,</span> 
     </span>
     <span class='ocr_line' id='line_1_27' title="bbox 399 3594 1219 3691; baseline -0.001 -24"><span class='ocrx_word' id='word_1_177' title='bbox 399 3595 633 3684; x_wconf 77' lang='lat' dir='ltr'><strong>Contentum,</strong></span> <span class='ocrx_word' id='word_1_178' title='bbox 651 3611 789 3690; x_wconf 84' lang='lat' dir='ltr'><strong>totoque</strong></span> <span class='ocrx_word' id='word_1_179' title='bbox 804 3610 926 3691; x_wconf 88' lang='lat' dir='ltr'><strong>parant</strong></span> <span class='ocrx_word' id='word_1_180' title='bbox 942 3594 1098 3664; x_wconf 89' lang='lat' dir='ltr'><strong>decedere</strong></span> <span class='ocrx_word' id='word_1_181' title='bbox 1117 3598 1219 3666; x_wconf 89' lang='lat' dir='ltr'><strong>circo.</strong></span> 
     </span>
     <span class='ocr_line' id='line_1_28' title="bbox 399 3715 1235 3813; baseline -0.001 -25"><span class='ocrx_word' id='word_1_182' title='bbox 399 3723 486 3788; x_wconf 90' lang='lat' dir='ltr'><strong>Sunt</strong></span> <span class='ocrx_word' id='word_1_183' title='bbox 502 3731 533 3786; x_wconf 87' lang='lat' dir='ltr'><strong>et</strong></span> <span class='ocrx_word' id='word_1_184' title='bbox 554 3715 628 3812; x_wconf 86' lang='lat' dir='ltr'><strong>quis</strong></span> <span class='ocrx_word' id='word_1_185' title='bbox 645 3717 711 3786; x_wconf 85' lang='lat' dir='ltr'><strong>ldae</strong></span> <span class='ocrx_word' id='word_1_186' title='bbox 730 3717 858 3811; x_wconf 86' lang='lat' dir='ltr'><strong>placeat</strong></span> <span class='ocrx_word' id='word_1_187' title='bbox 877 3715 1001 3786; x_wconf 89' lang='lat' dir='ltr'><strong>dolus:</strong></span> <span class='ocrx_word' id='word_1_188' title='bbox 1021 3717 1091 3811; x_wconf 90' lang='lat' dir='ltr'><strong>ipse</strong></span> <span class='ocrx_word' id='word_1_189' title='bbox 1108 3734 1235 3813; x_wconf 84' lang='lat' dir='ltr'><strong>regesta</strong></span> 
     </span>
     <span class='ocr_line' id='line_1_29' title="bbox 400 3837 1367 3934; baseline 0 -25"><span class='ocrx_word' id='word_1_190' title='bbox 400 3839 657 3934; x_wconf 72' lang='lat' dir='ltr'><strong>Parthenopaeus</strong></span> <span class='ocrx_word' id='word_1_191' title='bbox 677 3841 778 3908; x_wconf 91' lang='lat' dir='ltr'><strong>humo</strong></span> <span class='ocrx_word' id='word_1_192' title='bbox 796 3837 993 3933; x_wconf 84' lang='lat' dir='ltr'><strong>vultumque</strong></span> <span class='ocrx_word' id='word_1_193' title='bbox 1010 3837 1192 3932; x_wconf 82' lang='lat' dir='ltr'><strong>oculosque</strong></span> <span class='ocrx_word' id='word_1_194' title='bbox 1208 3838 1367 3909; x_wconf 77' lang='lat' dir='ltr'><strong>madentes</strong></span> 
     </span>
     <span class='ocr_line' id='line_1_30' title="bbox 399 3957 1216 4055; baseline -0.002 -25"><span class='ocrx_word' id='word_1_195' title='bbox 399 3961 523 4031; x_wconf 90' lang='lat' dir='ltr'><strong>Obruit</strong></span> <span class='ocrx_word' id='word_1_196' title='bbox 541 3987 548 4028; x_wconf 90' lang='lat'>:</span> <span class='ocrx_word' id='word_1_197' title='bbox 567 3963 704 4030; x_wconf 88' lang='lat' dir='ltr'><strong>accessit</strong></span> <span class='ocrx_word' id='word_1_198' title='bbox 720 3959 944 4054; x_wconf 80' lang='lat' dir='ltr'><strong>lacrymarum</strong></span> <span class='ocrx_word' id='word_1_199' title='bbox 963 3962 1072 4055; x_wconf 82' lang='lat' dir='ltr'><strong>gratia</strong></span> <span class='ocrx_word' id='word_1_200' title='bbox 1090 3957 1216 4028; x_wconf 87' lang='lat' dir='ltr'><strong>formae.</strong></span> 
     </span>
     <span class='ocr_line' id='line_1_31' title="bbox 399 4079 1323 4175; baseline -0.003 -21"><span class='ocrx_word' id='word_1_201' title='bbox 399 4083 538 4154; x_wconf 86' lang='lat' dir='ltr'><strong>Pectora</strong></span> <span class='ocrx_word' id='word_1_202' title='bbox 556 4108 645 4152; x_wconf 88' lang='lat' dir='ltr'><strong>nunc</strong></span> <span class='ocrx_word' id='word_1_203' title='bbox 666 4107 824 4170; x_wconf 85' lang='lat' dir='ltr'><strong>moerens,</strong></span> <span class='ocrx_word' id='word_1_204' title='bbox 846 4107 935 4150; x_wconf 90' lang='lat' dir='ltr'><strong>nunc</strong></span> <span class='ocrx_word' id='word_1_205' title='bbox 951 4106 1010 4149; x_wconf 93' lang='lat' dir='ltr'><strong>ora</strong></span> <span class='ocrx_word' id='word_1_206' title='bbox 1029 4079 1169 4175; x_wconf 84' lang='lat' dir='ltr'><strong>indigna</strong></span> <span class='ocrx_word' id='word_1_207' title='bbox 1189 4095 1323 4151; x_wconf 85' lang='lat' dir='ltr'><strong>cruento</strong></span> 
     </span>
    </p>
   </div>
   <div class='ocr_carea' id='block_1_4' title="bbox 0 0 1478 4950">
    <p class='ocr_par' dir='ltr' id='par_1_4' title="bbox 0 0 1478 4950">
     <span class='ocr_line' id='line_1_32' title="bbox 0 0 1478 4950; baseline 0 0"><span class='ocrx_word' id='word_1_208' title='bbox 0 0 1478 4950; x_wconf 95' lang='lat' dir='ltr'><strong> </strong></span> 
     </span>
    </p>
   </div>
  </div>
 </body>
</html>
