2934 4950
83 451 1133 480 §mmmmmmmvameuwmmmuwwummun

270 719 933 911 'acutuuatoos

434 1145 569 1220 LIBER
596 1153 780 1220 PRIMUS.

465 1507 467 1514 ¹
528 1507 689 1528 —-—⁵-·

82 1749 412 1878 Mammam
435 1803 613 1891 AEaciden‚
632 1803 913 1899 formidatamque
925 1806 1073 1874 Tonanti

78 1925 299 2020 Progeniem,
319 1940 353 1994 et
371 1927 480 2020 patrio
499 1927 638 1994 vetitam
656 1925 833 1995 succedere
851 1925 955 2015 coeio,

78 2048 187 2134 Diva,
204 2045 292 2118 refer
304 2073 314 2116 t
328 2020 520 2141 quamquam
538 2033 612 2116 acia
627 2047 689 2116 viri
704 2047 851 2117 multum
864 2047 989 2142 inclyta
1003 2062 1105 2118 cantu

78 2169 248 2250 Maeonio,
265 2167 323 2238 sed
341 2166 439 2263 plura
458 2182 602 2237 vacarat:
620 2193 683 2237 nos
701 2170 751 2237 ire
767 2193 828 2263 per
846 2193 997 2257 omnem,

79 2291 137 2359 Sic
156 2314 252 2359 amor
270 2303 338 2378 est,
355 2293 466 2359 Heron
483 2287 585 2376 velia,
606 2291 777 2384 Scyroque
796 2289 957 2360 latentem

78 2410 240 2482 Dulichio
258 2410 409 2509 proferre
429 2412 511 2483 tuba
529 2435 617 2482 auec
634 2413 670 2481 in
688 2415 835 2483 Hectore
852 2427 961 2484 tracto

78 2534 226 2623 sistere,
244 2533 302 2603 sed
322 2549 393 2604 tota
408 2535 566 2629 juvenem
587 2533 752 2603 deducere
768 2535 878 2628 Troja.

79 2658 133 2726 Tu
155 2655 274 2745 modo,
292 2658 321 2725 si
336 2670 466 2725 veteres
482 2654 585 2755 digno
603 2654 808 2750 deplevimus
828 2656 968 2747 haustu,

79 2781 133 2848 Da
150 2776 259 2847 fontes
275 2778 375 2864 mihi,
391 2778 534 2865 Phoebe,
553 2800 676 2865 novos,
696 2802 734 2847 ac
752 2778 872 2848 fronde
889 2780 1033 2850 emunda

80 2901 186 2970 Necte
200 2923 331 2969 comas:
345 2924 455 2993 neque
469 2899 559 2968 enim
573 2900 719 2970 Aonium
734 2922 851 2969 nemus
866 2900 995 2970 advena
1008 2899 1105 2995 pulso

80 3022 155 3093 Nec
173 3046 247 3089 mea
266 3040 357 3091 nunc
374 3021 491 3116 primis
509 3018 683 3090 albescunt
700 3034 852 3115 tempora
871 3022 972 3090 vittis.

81 3144 154 3211 Scit
172 3138 324 3213 Dircaeus
341 3167 421 3237 ager
436 3168 445 3211 ε
463 3166 584 3236 meque
604 3142 693 3211 inter
711 3144 820 3238 prisca
839 3157 1016 3237 parentum

82 3265 412 3358 Nominaacumque
432 3289 493 3333 suo
512 3278 693 3345 numerant
713 3264 903 3359 Amphione
916 3264 1048 3333 Thebe.

130 3391 177 3457 At
193 3402 252 3474 ltu,
271 3379 491 3481 quom'longe
510 3387 654 3480 primum
677 3400 790 3480 stupet
804 3384 890 3455 Itala
910 3388 1036 3473 virtus,

83 3509 272 3601 Graiaque,
290 3509 344 3577 cui
365 3508 504 3603 geminae
520 3507 641 3576 florent
656 3520 839 3601 votumque
855 3507 1047 3601 ducumque

84 3630 249 3699 Certatim
266 3625 400 3718 laurus,
418 3628 498 3698 olim
519 3626 612 3697 dolet
631 3626 736 3697 altera
755 3630 863 3716 vinci,

85 3754 136 3820 Do
154 3751 301 3837 veniam,
316 3776 354 3821 ac
372 3750 538 3846 trepidum
552 3764 668 3846 patere
685 3750 752 3819 hoc
765 3748 885 3819 sudare
902 3772 1083 3845 parumper
1182 3778 1186 3784 ·

43 3868 45 3873 ’
86 3871 252 3943 Pulvere:
269 3886 301 3942 te
318 3871 438 3969 longo,
458 3872 600 3943 necdum
617 3870 744 3941 fidente
760 3887 880 3967 paratu

86 3995 261 4085 Molimur,
279 4016 487 4091 magnusque
505 3995 566 4065 tibi
587 3993 916 4089 praeiuditdchilles.

135 4114 288 4187 Solverat
308 4115 454 4187 OEhalio
473 4115 611 4203 classem
628 4116 670 4187 de
686 4117 784 4187 litore
802 4130 917 4213 pastor

925 4264 977 4337 17.
