2934 4950
67 426 158 491 (Mb)
372 428 589 485 semaluos
610 428 720 485 Lusus
740 428 788 483 vl.
1069 424 1106 495 57
1198 502 1200 507 ι

111 552 210 623 Clara
231 552 429 624 laboriferos
449 549 534 623 coelo
551 553 709 641 Tithonia
723 576 842 623 currus

67 672 251 761 Extulerat,
268 671 451 769 vigilesque
466 676 547 743 Dee
564 669 717 767 pallentis
737 674 881 743 habenas

67 798 107 866 Et
125 820 209 884 uox,
226 810 260 863 et
280 819 387 864 cornu
405 794 554 890 fugiebat
566 797 710 865 Somnus
728 795 830 863 inani.

67 920 136 984 lam
153 915 318 1012 plangore
334 918 415 1003 via,
434 917 559 1011 gemitu
576 916 646 1009 jam
664 916 757 1011 regia
776 916 883 1009 mugit

69 1036 196 1106 Flebilis
216 1063 225 1105 ε
248 1050 402 1133 acceptos
419 1035 519 1133 louge
534 1060 673 1105 nemora
690 1038 765 1105 avia
786 1034 962 1129 frangunt,

69 1157 356 1253 Multiplicentque
376 1182 496 1227 sonos:
512 1145 606 1227 sedet
623 1158 694 1251 ipse
712 1170 831 1225 exutus
851 1155 982 1225 honoro

69 1282 235 1351 Vittarum
255 1304 344 1349 nexu
363 1281 505 1375 genitor,
527 1276 776 1373 squalentiaque
796 1301 856 1345 ora

70 1403 223 1496 Sparsus,
239 1414 276 1470 et
294 1399 454 1471 incultam
472 1396 566 1470 ferali
583 1397 720 1495 pulvere
736 1398 885 1467 barbam.

71 1523 222 1617 Asperior
238 1536 373 1612 contra,
390 1520 612 1617 planctusque
630 1538 759 1615 egresse
778 1518 889 1589 viriles

71 1642 225 1738 Exemplo
245 1641 386 1713 famulas
402 1644 542 1738 premit,
560 1642 780 1735 hortaturque
798 1638 945 1710 volentes

73 1764 158 1837 Orba
176 1788 318 1861 parens,
333 1763 525 1859 lacerasque
543 1787 643 1859 super
658 1761 878 1857 procumbere
895 1760 964 1831 nati

72 1883 247 1980 Relliquias
265 1885 377 1975 ardet,
397 1887 561 1979 totiesque
576 1882 691 1953 avulsa
709 1882 862 1953 refertur.
959 1942 963 1949 .

74 2008 214 2078 Amet-et
230 2010 304 2105 ipse
321 2021 427 2103 pater.
442 2008 526 2077 Mox
543 2020 582 2075 ut
600 2006 772 2073 moerentia
792 2003 901 2099 dignis

74 2128 222 2199 vultibus
240 2128 371 2200 Inachii
390 2141 610 2225 penetrarunt
629 2126 744 2195 limina
763 2149 874 2220 reges,

75 2252 138 2320 Ceu
152 2277 239 2321 nova
257 2266 340 2321 tunc
356 2248 482 2337 clades,
503 2261 537 2317 et
554 2248 664 2343 primo
683 2247 812 2316 saucius
831 2245 940 2316 infans

75 2371 230 2462 Vulnere,
249 2370 399 2441 letalisve
416 2372 616 2465 irrumperet
634 2370 718 2438 atria
738 2391 890 2462 serpens,

76 2495 124 2564 Sic
140 2494 241 2565 alium
260 2519 301 2564 ex
318 2493 403 2580 alio,
422 2514 615 2587 quanquam
633 2489 771 2577 lassata,
792 2487 958 2584 fragorem

76 2619 203 2686 Pectora
221 2616 476 2711 congeminant,
497 2614 728 2708 integratoque
745 2607 905 2710 resultant

77 2741 219 2810 Accensae
239 2736 387 2808 clamore
401 2735 487 2806 fores
502 2761 511 2804 t
526 2757 656 2804 sensere
671 2731 799 2827 Pelasgi

78 2860 248 2950 Invidiam,
265 2873 300 2929 et
314 2856 468 2952 lacrymis
484 2871 643 2926 excusant
658 2857 785 2924 crimen
803 2852 940 2922 obortis.

120 2985 208 3075 lps'e,
230 2982 346 3051 datum
363 2981 511 3075 quoties,
529 2980 753 3070 intereisoque
770 2973 916 3045 tumultu

79 3105 239 3174 Conticuit
258 3099 445 3198 stupefacta
463 3100 600 3187 domus,
621 3097 749 3168 solatur
767 3096 927 3165 Adrastus

79 3220 232 3318 Alloquiis
251 3226 436 3321 genitorem
452 3221 542 3291 ultro
560 3247 569 3289 ε
586 3249 604 3284 o
614 3245 703 3288 nunc
720 3217 790 3287 fata
807 3241 981 3286 recensens

79 3344 202 3438 Resque
222 3346 399 3416 bominum
418 3342 537 3431 duras,
554 3356 587 3411 et
606 3337 809 3409 inexorabile
829 3363 968 3433 pensum

80 3463 109 3532 N
110 3489 171 3534 unc
188 3465 286 3534 aliam
303 3463 452 3561 prolem,
469 3484 691 3555 mansuraque
706 3461 842 3527 numine
859 3458 974 3527 dextro

81 3584 216 3678 Pignora
230 3613 239 3655 ε
255 3617 273 3652 s
291 3583 442 3654 noudum
461 3584 545 3653 orsis
562 3579 697 3670 modus,
717 3595 752 3650 et
766 3578 908 3649 lamenta
925 3578 1088 3649 redibant.

76 3701 135 3794 ‚Ille
150 3731 282 3802 quoque
298 3705 424 3776 allatus
442 3729 511 3774 non
530 3701 664 3772 mollius
682 3699 778 3770 audit
794 3700 934 3798 amieos,

74 3823 185 3914 ,Quam
202 3829 305 3898 trucis
324 3829 411 3898 Ionii
429 3826 536 3895 rabies
555 3821 735 3918 clamantia
753 3834 858 3915 ponto
879 3803 882 3810 ’

83 3947 164 4015 Vota
181 3951 309 4038 virum,
326 3964 384 4019 aut
401 3964 518 4018 tenues
531 3959 652 4028 curant
668 3968 753 4039 vaga
771 3940 910 4010 fulmina
926 3941 1066 4011 nimbos.

126 4069 284 4139 Tristibus
304 4072 431 4139 interea
449 4069 569 4157 ramis,
586 4081 769 4159 teneraque
786 4087 941 4155 cupresso
