2934 4950
82 421 192 487 aaut
395 422 610 481 runnsmos
631 382 742 479 nmis
764 424 815 478 111.
1075 440 1131 495 η.)

81 548 179 619 Haud
195 573 291 619 mora
306 547 443 619 desiluit
463 574 565 619 curru
580 576 587 617 :
602 548 785 644 clypeoque
800 563 970 642 receptam

81 671 188 743 Laedit
207 671 433 773 inamplexu,
455 671 621 766 dictisque
637 674 684 741 ita
702 670 828 742 mulcet
845 672 979 740 amicis:

130 824 147 859 a
160 795 194 863 Ο
212 794 313 883 mihi,
332 792 497 863 bellorum
517 795 668 888 requies,
687 809 722 862 et
739 818 833 863 sacra
848 790 1025 886 uoluptas,

81 918 228 1010 Unaque
245 939 311 1011 pax
326 912 456 985 animo!
480 914 543 985 soli
559 917 613 985 cui
632 929 725 984 tanta
741 929 887 1011 potestas

81 1040 315 1133 Diuorumque
331 1038 575 1131 hominumque
591 1038 674 1107 meis
694 1062 870 1107 occurrere
889 1035 963 1106 telis

81 1164 244 1257 Impune,
262 1174 296 1229 et
315 1159 426 1229 media
444 1156 598 1254 quamuis
619 1160 654 1227 in
676 1158 765 1229 ccede
785 1158 963 1228 frementes

81 1287 155 1353 Hos
171 1283 323 1353 assistere
337 1306 457 1377 equos,
476 1280 568 1351 hunc
589 1305 701 1351 ensem
718 1278 861 1351 avellere
877 1268 1018 1349 dextra:

81 1407 156 1475 Nec
174 1404 257 1474 mihi
276 1404 407 1475 Sidonii
422 1402 578 1499 genitalia
595 1402 721 1473 foedera
740 1401 877 1492 Cadmi,
943 1472 951 1483 ,

82 1528 156 1599 Nec
173 1542 231 1597 tua
250 1553 328 1598 cura
343 1526 424 1597 fides
445 1526 506 1622 (ne
525 1510 609 1597 falsa
625 1526 789 1598 incessere
809 1524 936 1623 gaude)

82 1648 291 1719 Exciderunt
309 1674 318 1719 τ
335 1649 430 1744 prius
449 1650 485 1717 in
501 1651 615 1745 patrui
632 1651 726 1720 Deus
743 1648 848 1719 infera
866 1670 999 1743 mergar

82 1758 229 1867 Stagna,
250 1787 284 1841 et
301 1770 465 1868 pallentes
486 1794 567 1867 agar
587 1786 777 1861 exarmatus
798 1769 842 1840 ad
860 1770 1009 1839 umbras.

83 1892 151 1963 Sed
167 1896 259 1963 nunc
275 1896 437 1963 Fatorum
456 1894 620 1979 monitus,
639 1908 853 1987 mentemque
871 1889 1020 1986 supremi

83 2020 202 2086 Jussus
219 2015 313 2085 obire
329 2008 456 2112 patris(
473 2040 582 2110 neque
600 2017 690 2085 enim
707 1991 875 2086 Vulcania
894 2012 953 2083 tati

84 2138 234 2233 Imperio
252 2162 372 2207 manus
390 2151 466 2232 apta
488 2135 576 2233 legi)
591 2162 659 2232 quo
680 2152 816 2231 pectore
835 2150 953 2206 contra
982 2148 986 2153 ’

86 2262 140 2329 Ire
159 2262 297 2350 dorem,
315 2258 486 2354 dictasque
506 2284 620 2354 parem
638 2264 853 2329 contemnere
872 2258 984 2355 leges?

85 2382 151 2451 Cui
173 2380 292 2471 modo,
310 2406 372 2478 pro
393 2377 495 2451 vires!
517 2396 638 2471 terras,
659 2380 863 2476 coelumque,
884 2381 1090 2475 fretumque,

87 2508 278 2574 Attremere
298 2505 429 2593 oranti,
448 2519 627 2598 tantosque
642 2527 683 2573 ex
703 2503 823 2573 ordine
841 2504 908 2573 vidi

85 2625 267 2696 Delituisse
283 2629 372 2696 Deos
388 2627 467 2696 :scd
488 2651 530 2696 ne
547 2627 629 2695 mihi
648 2626 749 2695 corde
768 2651 941 2720 supremos

86 2749 256 2842 Concipe,
277 2773 369 2834 cara,
389 2765 514 2836 metus;
532 2747 669 2842 quando
689 2748 761 2818 haeo
780 2763 912 2818 mutare
928 2763 1077 2843 potestas

85 2868 191 2942 Nulla
209 2869 334 2941 datur:
357 2895 463 2965 quum
480 2871 550 2965 jam
566 2872 676 2965 Tyriis
694 2871 758 2939 sub
775 2869 940 2940 moenibus
960 2871 1066 2940 ambae

84 2992 266 3064 Bellabunt
282 3006 412 3088 gentes,
429 2992 550 3079 adero,
571 3007 605 3062 et
625 2993 716 3064 socia
734 3015 827 3061 arma
838 2993 975 3085 juvabo.

84 3115 182 3184 Tunc
196 3138 251 3184 me
269 3114 454 3210 sanguineo
471 3111 538 3183 late
559 3113 728 3183 defervere
748 3139 868 3208 campo

85 3243 153 3309 Res
169 3261 272 3333 super
290 3233 463 3332 Argolicas
480 3236 572 3306 haud
594 3239 641 3306 sic
660 3236 791 3331 dejecta
808 3236 957 3306 videbis:

85 3365 161 3432 Hoc
183 3360 266 3430 mihi
281 3361 356 3456 jus,
376 3345 437 3432 nec
452 3365 535 3431 Fata
556 3375 683 3430 vetant.
695 3388 713 3424 u
733 3360 789 3429 Sic
809 3385 906 3429 orsus
925 3373 1043 3454 aperto

86 3481 284 3578 Flagrantes
300 3483 440 3554 immisit
459 3507 563 3578 equos
582 3509 589 3551 ε
608 3507 677 3552 non
696 3469 790 3552 ocius
809 3480 869 3551 alti

86 3607 127 3674 ln
147 3619 255 3676 terras
272 3604 362 3676 cadit
378 3607 429 3675 ira
449 3605 559 3693 Jovis,
581 3605 609 3673 si
626 3603 765 3700 mando
780 3601 925 3672 nivalem

87 3725 240 3821 Othryn,
259 3741 292 3795 et
312 3729 444 3796 Arctoe
462 3724 609 3823 gelidum
628 3739 732 3819 caput
748 3725 870 3794 institit
888 3725 1001 3808 Ossae,
1117 3760 1120 3768 .

87 3849 308 3943 Armavitque
326 3849 364 3916 in¹
382 3849 472 3916 nube
489 3872 627 3917 manum
643 3873 652 3915 ε
666 3844 758 3915 volat
776 3847 874 3942 ignea
891 3842 995 3916 moles

89 3971 183 4040 Saeva'
198 3971 264 4040 Dei
285 3969 443 4041 mandata
463 3969 588 4059 ferens,
608 3967 797 4062 coelumque
815 3967 952 4038 trisulca

89 4091 235 4172 Territat
252 4117 352 4162 omne
370 4115 486 4178 coma,
504 4090 704 4184 jamdudum
722 4106 782 4160 aut
798 4075 923 4159 ditibus
939 4091 1027 4184 agris
