2934 4950
391 535 451 572 m
704 514 920 572 ruusaruos
943 515 1054 571 nmen
1077 515 1130 569 u·
1333 511 1445 577 (ms.)

389 643 574 739 Obstupuit
592 644 670 712 visis
692 668 700 710 :
722 643 793 712 ibat
811 657 939 731 tamen,
957 639 1095 711 horrida
1117 653 1257 708 tantum,
1280 621 1298 668 ‘⁸

387 761 538 859 Spicula,
558 781 592 833 et
611 762 776 833 inclusum
795 761 916 858 capulo
935 777 1033 831 tenus
1050 761 1208 830 admovet
1229 785 1357 832 ensem.

387 892 436 956 Ac
452 887 561 980 prior,
580 885 698 957 nunde
713 885 797 956 viri?
814 884 937 980 quidve
952 881 1127 954 occultatis
1145 883 1180 952 in
1197 869 1347 953 annisi»

309 1054 314 1063 ·
387 1007 466 1076 Non
484 1006 605 1076 humili
625 1023 753 1079 terrore
775 1023 873 1104 rogat
894 1034 902 1075 :
923 1031 985 1077 nec
1001 1004 1134 1076 reddite
1150 1020 1267 1075 contra

387 1129 479 1213 Vox,
496 1128 666 1225 fidamque
683 1143 807 1225 negant
825 1142 978 1224 suspecta
996 1127 1125 1198 silentia
1144 1151 1269 1223 pacem.

385 1253 472 1319 Ecce
489 1266 602 1321 autem
619 1266 714 1321 vasto
731 1251 896 1321 Chthonii
911 1264 1066 1320 contorta
1084 1248 1223 1336 lacerto,

386 1373 464 1461 Quo
482 1371 568 1441 duce
585 1372 670 1442 freta
688 1373 824 1462 cohors,
846 1371 952 1441 fuscas
975 1353 1153 1441 intervolat
1168 1395 1266 1440 auras

385 1496 505 1582 Hasta,
526 1493 584 1564 sed
601 1494 739 1564 audenti
756 1497 848 1564 Deus
865 1507 898 1562 et
919 1497 1067 1563 Fortuna
1084 1497 1230 1563 recessit.

384 1618 447 1684 Per
465 1631 576 1685 tamen
598 1614 712 1686 Olenii
732 1616 885 1711 tegimen
897 1615 985 1704 suis,
1006 1613 1145 1710 atraque
1163 1615 1241 1683 setis

384 1741 508 1832 Terga,
525 1763 627 1834 super
642 1736 742 1807 laevos
758 1737 915 1808 humeros
932 1739 1047 1808 vicina*
1059 1737 1171 1807 cruori

384 1857 529 1953 Effugit,
547 1873 581 1928 et
599 1859 700 1928 viduo
713 1858 872 1955 jugulum
890 1859 968 1928 ferit
985 1859 1080 1930 irrita
1098 1855 1201 1954 ligno.

384 1980 480 2048 Tunc
494 1980 632 2050 horrere
646 2004 764 2067 comae,
781 1982 983 2078 sanguisque
999 1981 1034 2049 i'u
1051 1979 1152 2050 corde
1169 1978 1283 2075 gelari.
1306 2065 1310 2071 Ι

384 2104 460 2171 Huc
473 2099 563 2170 ferus
580 2115 681 2195 atque
696 2099 777 2171 illuc
790 2103 956 2191 animum,
972 2099 1198 2197 pallentiaque
1212 2101 1263 2169 ira·

385 2224 456 2292 Ora
476 2222 602 2314 ferens,
623 2250 685 2294 nec
706 2239 801 2294 tanta
820 2240 919 2320 putat
937 2225 1001 2293 sibi
1019 2222 1106 2292 bella
1124 2225 1247 2320 parari.

385 2347 509 2414 «Ferte
529 2345 672 2442 gradum
692 2361 827 2436 contra,
846 2371 1035 2444 campoque
1053 2348 1219 2441 erumpite
1237 2361 1368 2439 aperto.

384 2467 472 2558 Quis
493 2468 594 2539 timor
612 2468 779 2540 audendi?
799 2496 872 2566 quse
890 2485 984 2561 tanta
1002 2465 1154 2565 ignavia?
1172 2465 1277 2557 solus,

384 2588 483 2660 Solus
496 2592 530 2659 iu
542 2616 635 2661 arma
647 2617 732 2662 voco
745 2619 779 2661 :s
794 2616 904 2687 neque
916 2593 951 2660 in
963 2592 1015 2660 his
1028 2614 1139 2677 mora;
1152 2589 1312 2686 quosubi
1327 2590 1432 2687 plures

382 2714 496 2802 Quam
512 2727 620 2803 ratus,
638 2715 824 2784 innumeris
841 2712 933 2782 videt
948 2735 1124 2782 excursare
1139 2710 1293 2798 latebris,

383 2835 453 2902 Hos
472 2834 609 2930 prodire
625 2836 733 2930 jugis,
754 2832 829 2904 illos
850 2859 869 2903 e
887 2832 1028 2903 vallibus
1050 2833 1124 2901 imis

382 2958 556 3041 Crescere,
576 2980 638 3026 neo
655 2981 781 3052 paucos
801 2982 935 3053 cumpo,
956 2969 1131 3048 totumque
1153 2955 1215 3024 sub
1233 2957 1346 3025 ermis

381 3075 559 3148 Collucere
577 3079 641 3149 iter
662 3079 726 3175 (ut
744 3078 873 3149 clausas
892 3077 1049 3175 indagine
1068 3078 1196 3175 profert
1221 3071 1228 3081 ’

344 3236 350 3248 ·
381 3201 423 3267 ln
442 3197 592 3268 modium
611 3225 675 3269 vox
694 3202 802 3295 prima
821 3200 930 3296 feres)
949 3224 1023 3297 quae
1040 3200 1111 3269 sola
1130 3199 1286 3269 medendi

381 3319 532 3389 Turbata
549 3322 680 3391 ratione
697 3323 752 3391 via
770 3336 835 3409 est,
852 3324 937 3417 petit
955 3321 1061 3392 ardua
1080 3320 1160 3391 dirae

381 3442 566 3538 Sphingos,
582 3458 617 3512 et
634 3444 770 3514 abscisis
789 3443 975 3539 infringens
993 3446 1148 3515 cautibus
1165 3471 1269 3515 uncas

380 3568 571 3661 Exsuperat
585 3567 667 3661 juga
683 3566 756 3636 dira
774 3568 908 3655 manus,
927 3565 1133 3662 scopuloque
1150 3570 1292 3665 potitus,

374 3686 482 3765 ¹Unde
498 3689 617 3782 procul
636 3704 730 3783 tergo
749 3704 873 3774 metus,
887 3705 920 3758 et
937 3691 991 3758 via
1007 3714 1114 3793 prona
1131 3689 1290 3781 nocendi,

382 3810 508 3878 Saxum
530 3810 664 3905 ingens,
685 3809 778 3905 quod
800 3812 854 3879 vix
875 3811 975 3906 plena
993 3812 1122 3881 cervice
1141 3802 1309 3907 gementes

372 3930 523 3999 ·Vertere
541 3931 661 4019 humo,
681 3934 853 4026 murisque
871 3932 983 4001 valent
1003 3932 1127 4002 inferre
1140 3934 1292 4028 juvenci,

382 4052 536 4147 Rupibus
553 4052 665 4123 evellit
682 4054 784 4123 :dein
803 4068 875 4123 toto
891 4056 1054 4150 sanguino
1072 4058 1169 4125 nixus

384 4174 550 4262 Sustinet,
571 4178 749 4247 immonem
770 4198 922 4271 quaerens
941 4175 1063 4247 librare
1082 4177 1229 4261 ruinam3
