2934 4950
489 1101 553 1171 AD
577 1098 751 1168 JULIUM
777 1094 1092 1167 MENECRATEM

589 1250 591 1255 ยน
674 1289 722 1338 or
746 1287 905 1339 rnonnu.

724 1560 857 1580 *a

321 1806 443 1872 Parme
457 1801 546 1872 sores
561 1803 748 1898 Superum,
765 1801 950 1894 vittataque
966 1796 1089 1894 templa
1108 1798 1228 1868 Sabaeis

272 1922 426 1994 Nubibus
441 1936 474 1990 et
488 1919 654 2015 pecudum
670 1919 764 1989 fibris
779 1919 980 2014 spirantibus
998 1917 1115 2014 imple,

272 2040 506 2135 Parthenope:
523 2038 604 2110 clari
622 2064 726 2136 genus
744 2064 818 2109 ecce
838 2040 1037 2109 Menecratis
1054 2055 1151 2134 auget

274 2163 387 2232 Tertia
401 2162 471 2254 jam
487 2159 616 2230 soboles
635 2187 643 2228 :
663 2183 838 2254 procerum
856 2160 917 2230 tibi
934 2158 1045 2229 nobile
1061 2158 1180 2254 vulgus

275 2269 422 2367 crescit,
442 2296 476 2351 et
495 2261 603 2349 insani
622 2277 749 2350 solatur
768 2277 889 2348 damna
908 2280 1038 2349 Vesevi.

323 2402 395 2472 Nec
412 2398 520 2469 solum
540 2399 640 2470 festas
662 2415 789 2469 secreta
810 2398 968 2495 Neapolis
990 2423 1062 2469 aras

248 2585 252 2593 .
276 2521 412 2591 Ambiat
432 2545 442 2589 t
460 2534 495 2589 et
512 2522 593 2589 socii
610 2533 748 2615 portus,
768 2519 954 2614 dilectaque
973 2521 1063 2589 mitis

277 2644 378 2711 Terra
394 2640 604 2728 Dicarcbeae,
623 2666 685 2709 nec
701 2666 770 2710 non
790 2640 888 2737 plaga
905 2666 982 2711 cara
1001 2640 1149 2711 madenti

277 2762 475 2830 Surrentina
493 2763 565 2831 Deo
584 2762 680 2830 sertis
699 2758 817 2830 altaria
833 2762 968 2857 cingat3

276 2883 423 2951 Materni
443 2905 510 2975 qua
528 2878 608 2950 litus
629 2880 702 2970 avi,
723 2904 822 2974 quem
841 2880 941 2950 turba
961 2898 1121 2977 nepotum

278 3002 427 3088 Circuit,
446 3015 480 3070 et
499 2999 622 3071 similes
640 2999 814 3070 contendit
833 3000 972 3069 reddere
990 2987 1111 3071 vultus.

279 3120 433 3191 Gaudeat
450 3136 484 3190 et
503 3121 627 3215 Libyca
646 3120 817 3214 praesignis
838 3119 1021 3191 avunculus
1037 3123 1151 3210 hasta3

279 3246 430 3336 Quaeque
445 3241 507 3309 sibi
523 3241 651 3338 genitos
667 3252 785 3335 putat,
803 3238 992 3336 attollitque
1007 3242 1153 3337 benigno

279 3358 374 3432 Polla
391 3361 477 3431 sinu.
496 3360 630 3448 Macte,
651 3360 840 3455 ojuvenis,
861 3364 919 3457 qui
940 3377 1033 3432 tanta
1053 3362 1194 3435 merenti
1213 3378 1215 3383 '

280 3482 425 3552 Lumina
444 3479 502 3549 das
519 3481 644 3574 patriae.
664 3479 767 3553 Dulci
788 3482 900 3553 fremit
919 3508 995 3553 ecce
1012 3480 1159 3563 tumultu

280 3605 347 3672 Tot
363 3600 507 3671 dominis
524 3599 665 3671 clamata
686 3601 806 3673 domus
823 3627 832 3671 ฮต
848 3602 967 3701 procul
983 3619 1055 3674 atra
1072 3602 1202 3674 recedat

280 3722 432 3809 Invidia,
451 3736 552 3816 atque
570 3720 636 3792 alio
655 3721 790 3793 liventia
810 3739 945 3820 pectora
961 3723 1081 3801 flectat,

282 3845 342 3914 His
360 3844 509 3930 senium,
527 3842 700 3939 longaeque
720 3844 822 3914 decus
841 3846 995 3935 virtutis,
1016 3858 1048 3914 et
1066 3842 1139 3915 alba

283 3969 446 4061 Atropos,
464 3981 498 4035 et
516 3966 645 4059 patrius
663 3964 775 4035 lauros
791 3968 958 4062 promittit
977 3964 1107 4061 Apollo.
