2934 4950
293 387 347 457 351.
666 390 962 446 ADNOTATIONFS

334 507 492 582 Compellnt
505 503 542 584 (v.
560 503 640 582 ²37).
660 509 729 583 Reg.
754 528 766 562 1
784 528 790 560 :
808 510 975 582 compellit;
996 500 1113 563 idem'v.
1131 505 1190 581 ²39
1210 527 1235 562 c.
1253 508 1343 564 aliis:

291 601 430 676 prodique
445 600 564 655 videtin.

336 693 453 748 Veniam
467 689 506 770 (v.
519 688 597 770 245).
613 693 675 750 MS.
686 692 770 748 Lind.
780 713 787 749 :
798 695 899 748 uenite.
909 724 950 736 ·-
962 696 1047 763 Post,
1060 712 1087 746 v.
1100 699 1167 762 247,
1181 695 1340 770 magnis...

289 785 377 852 ,ficietis
392 804 408 840 2
424 788 512 861 Regg.

336 880 516 953 Tandemque
535 893 679 954 receptum
701 876 835 957 Foedus(
841 899 868 934 v.
886 877 941 935 251
959 879 1025 957 sq.).
1043 880 1158 954 Nuptiae
1175 881 1294 937 Achillis
1312 892 1344 936 et

293 972 457 1029 Deiduniae.
471 975 547 1050 Lege
562 992 630 1050 ergo
645 991 680 1028 ex
699 974 770 1046 Reg.
783 993 794 1028 1
809 993 816 1027 ε
831 986 978 1042 retectum,
993 993 1032 1030 sc.
1047 973 1211 1030 domesticis
1225 986 1254 1030 et
1266 994 1345 1030 con-

292 1067 373 1122 vivis.
388 1099 428 1109 —
442 1069 508 1142 Seq.
523 1087 550 1122 v.
567 1085 584 1122 a
599 1066 777 1136 Berthiifaae
794 1086 850 1141 pro
863 1087 931 1123 nox.

334 1161 418 1216 Nolis
433 1161 592 1215 meminisse
606 1156 645 1238 (v.
666 1157 743 1234 260).
761 1161 849 1215 Recte
863 1160 948 1214 weh.
962 1161 1042 1214 noles
1057 1178 1093 1215 ex
1106 1161 1177 1235 neg.
1196 1179 1221 1214 1.

292 1257 293 1288 ³
336 1252 469 1328 En'pitur
482 1252 596 1307 miieroe
614 1249 654 1329 (v.
671 1248 751 1328 265).
766 1252 871 1307 Melius
885 1268 902 1305 α
924 1254 1014 1326 Regg.
1031 1253 1201 1327 :abripitun

335 1345 507 1420 Spectabunt
518 1343 555 1419 (v.
572 1340 732 1420 269).11eg.
752 1364 764 1399 1
785 1364 791 1398 :
806 1345 960 1419 sperabunt
965 1365 976 1410 ‚·
989 1343 1067 1401 idem
1081 1365 1123 1419 sq.
1139 1365 1166 1400 v.
1181 1362 1275 1400 cums
1286 1344 1343 1399 ab:

295 1438 366 1492 dare
379 1440 454 1492 calla
472 1437 590 1491 catenis.
1129 1463 1133 1467 ’

337 1533 370 1586 V.
388 1530 455 1586 286.
471 1529 565 1586 Codd.
582 1539 609 1584 et
622 1541 690 1585 vett.
707 1530 772 1587 edd.
794 1530 840 1586 hic
858 1529 963 1586 finiunt
976 1529 1084 1586 librum
1097 1543 1243 1605 quartum.

338 1627 386 1680 Nil
398 1626 465 1680 ausi
485 1624 648 1679 meminisse
668 1621 706 1700 (v.
729 1621 809 1700 295).
833 1627 899 1680 «De
918 1623 1025 1679 vestitu
1043 1626 1178 1682 muliebri
1197 1636 1227 1681 et
1245 1625 1345 1680 vitiato

294 1719 540 1796 regina.»G1.oss.
627 1727 628 1732 ’

338 1813 455 1867 Peliaco
475 1823 574 1886 raptus
587 1812 743 1868 descendat
757 1808 795 1889 (v.
813 1809 892 1887 297).
911 1812 983 1884 Reg.
1001 1830 1014 1866 1
1036 1831 1043 1865 ε
1064 1810 1257 1887 «Peliacoque
1269 1825 1345 1867 mtes

295 1905 428 1960 escendat
439 1905 476 1958 ab
491 1915 590 1974 antro,
604 1929 615 1954 υ
633 1903 715 1978 quod
730 1922 831 1958 verum
845 1921 905 1958 esse
920 1922 981 1958 uon
994 1902 1140 1961 dubitabis
1156 1923 1163 1957 :
1180 1904 1256 1978 quid
1270 1905 1345 1961 enin

296 1998 325 2052 in
345 1998 398 2052 bac
411 1997 552 2052 sententia
571 1997 625 2052 sibi
642 1998 705 2052 vult
718 1999 845 2071 raptio?

338 2091 375 2144 Et
393 2088 496 2162 Scyrus
516 2091 599 2164 longe
614 2090 775 2145 decrescere
791 2102 882 2164 ponto
901 2087 942 2168 (v.
965 2087 1045 2167 308).
1063 2089 1157 2146 Etiam
1179 2090 1228 2146 bic
1249 2110 1345 2147 veram

295 2181 448 2239 lectionem
465 2182 589 2241 servavit
607 2184 677 2260 Reg.
697 2203 708 2238 ι
735 2203 743 2240 2
763 2209 775 2235 ι
788 2195 817 2240 et
834 2187 918 2260 longo
935 2186 1040 2259 Scyros
1052 2185 1201 2241 discedere
1212 2197 1317 2259 ponto.
1333 2211 1345 2234 ι

297 2279 367 2334 Voc.
383 2281 469 2352 longo
486 2279 583 2351 plures
600 2277 725 2349 bubent3
744 2277 796 2334 sed
809 2289 839 2334 et
852 2280 930 2334 lusus
944 2277 974 2332 in
993 2295 1120 2333 crescere
1139 2289 1170 2334 et
1185 2281 1347 2335 decrescere

296 2389 356 2426 non
375 2381 417 2426 est
429 2369 516 2442 hujus
530 2369 596 2426 loci.

338 2463 506 2521 Maerentem
528 2460 567 2541 (v.
589 2459 668 2542 317).
684 2465 753 2521 Exc.
782 2466 868 2541 Burg.
890 2474 919 2519 et
939 2462 1026 2529 codd.
1042 2463 1130 2520 Tollii
1153 2467 1197 2521 od
1220 2471 1345 2535 Assoi,

296 2577 325 2632 p.
342 2557 423 2632 369:
439 2560 613 2615 Hoerentem.
1303 2612 1309 2619 .

339 2650 537 2726 Commisitque
551 2652 617 2706 ullis
631 2648 672 2728 (v.
684 2648 762 2728 322).
778 2652 847 2706 Exe.
866 2652 951 2725 Burg.
967 2660 997 2705 et
1014 2650 1086 2723 Reg.
1106 2668 1119 2705 1
1142 2670 1150 2705 ε
1165 2653 1232 2707 dlis.

339 2748 376 2800 ln
393 2747 530 2801 Hectorea
540 2764 621 2800 ...ora
631 2741 671 2823 (v.
687 2742 766 2822 336).
776 2746 869 2800 Immo
883 2743 1191 2817 «Hectorea...1da‚»
1207 2748 1305 2824 eReg.
1321 2767 1346 2817 s,

299 2850 331 2895 ut
351 2838 434 2906 Sine,
450 2858 476 2910 1,
495 2856 528 2910 a,
546 2839 606 2907 432·

409 3051 506 3069 ......
527 2978 650 3067 Dardanis
664 3026 744 3084 postor
759 3015 899 3066 temerarius
913 3016 965 3067 lde

298 3190 379 3261 Post,
394 3208 422 3243 v.
439 3187 546 3260 338,1
568 3188 633 3246 cod.
656 3207 663 3243 :
682 3213 694 3239 a
712 3190 782 3245 8011.
798 3188 932 3244 babuisse
951 3188 999 3257 d.,
1018 3212 1032 3239 ι
1046 3189 1082 3245 de
1101 3208 1162 3264 quo
1177 3209 1206 3245 v.
1224 3192 1317 3247 Goon.

341 3283 411 3354 Quis
426 3283 500 3339 enim
523 3284 627 3339 ...dalis
645 3278 683 3360 (v.
705 3280 763 3350 35i
779 3278 841 3359 sq.).
863 3283 926 3352 PR,
947 3284 1021 3337 Dan.
1043 3293 1071 3337 et
1088 3282 1157 3338 fort
1179 3282 1228 3338 ulii
1250 3303 1257 3338 :
1279 3308 1292 3333 ι
1305 3284 1342 3353 Q.

299 3376 375 3432 enim
389 3376 512 3431 indicitis
526 3395 553 3452 g.
569 3395 593 3431 r.
609 3376 703 3431 Pacta
717 3374 808 3444 dolis,
821 3399 833 3423 υ
850 3374 932 3449 quod
949 3374 1107 3451 genuinum
1124 3394 1185 3433 esse
1202 3374 1323 3433 videtur.

342 3483 378 3537 Ut
398 3500 532 3556 genemm
552 3478 590 3559 (v.
614 3479 693 3560 361).
709 3483 754 3538 Ita
780 3500 857 3537 omn.
883 3481 968 3537 codd.
993 3482 1088 3537 Barth.
1107 3500 1179 3538 vero
1200 3482 1343 3555 conjecit:

298 3600 313 3627 α
332 3576 369 3630 Vi
382 3594 553 3650 generum.»

341 3669 485 3738 Quoesisse
495 3688 552 3742 per
564 3670 657 3725 undas
672 3666 709 3745 (v.
731 3668 809 3749 378).
820 3671 881 3726 MS.
895 3669 998 3726 Lino:
1015 3669 1161 3724 transisse.
1175 3698 1216 3709 —
1229 3668 1296 3741 Seq.
1315 3685 1342 3721 v.

299 3764 428 3817 Gronov.
447 3762 527 3818 malit
541 3762 594 3818 bos
614 3765 702 3819 armis
717 3784 726 3817 :
743 3781 779 3819 ex
799 3782 857 3837 qua
873 3760 1070 3840 dittographia
1084 3772 1177 3815 ostam
1194 3778 1254 3816 esse
1272 3778 1343 3833 pro-

298 3855 394 3911 babile
408 3856 560 3912 iectionem
573 3858 643 3933 Reg.
659 3875 669 3911 1
684 3857 770 3913 :this
784 3857 908 3931 primum
926 3875 1010 3912 amsa
1026 3853 1183 3911 ostendisse
1199 3852 1317 3910 lacem's.
1327 3878 1342 3903 ι

301 3948 318 4004 3
333 3948 418 4005 codd.
433 3949 551 4006 Gruteri
571 3971 578 4005 :
597 3952 729 4007 tendisse.
742 3950 829 4009 Dein
853 3952 942 4022 forte,
960 3949 1057 4023 inquit
1076 3951 1167 4003 Gsoo.
1177 3990 1187 4018 ,
1210 3966 1270 4005 non
1288 3947 1341 4004 ad·

300 4042 460 4117 spernabile
475 4053 516 4097 est
530 4042 612 4117 quod
626 4042 656 4098 in
669 4044 729 4100 MS.
747 4065 753 4099 :
767 4044 914 4119 «primum
927 4044 1046 4100 vestisse
1062 4043 1193 4101 lacertos.
