2934 4950
353 471 409 528 260
554 469 557 476 '
660 469 916 526 ACHILLEIDOS
937 467 1050 523 LIBER
1073 468 1095 522 1.
1304 468 1386 532 (mn)

350 598 547 686 Dardanus,
563 599 712 666 incautas
732 595 856 665 blande
874 594 1053 690 populatus
1071 591 1243 686 Amyclas,

350 718 518 814 Plenaque
535 720 676 789 materni
695 718 841 788 referens
859 719 1019 812 praesagia
1035 716 1144 784 somni

351 840 532 936 Culpatum
553 839 720 936 relegebat
741 841 821 928 iter,
838 863 904 933 qua
923 838 1058 916 condita
1078 851 1185 932 ponto

352 961 523 1033 Fluctibus
538 963 654 1031 invisis
667 965 738 1056 jam
752 961 872 1031 Nereis
887 961 1029 1055 imperat
1046 957 1142 1030 Helle
1157 984 1166 1027 ε

352 1085 467 1172 Quum
479 1084 593 1153 Thetis
609 1083 732 1169 Idaeos,
750 1082 818 1152 beu
834 1107 1007 1176 nunquam
1022 1105 1109 1150 vana
1122 1095 1305 1176 parentum

352 1202 518 1301 Auguria!
536 1207 669 1302 expavit
687 1206 794 1274 vitreo
813 1205 874 1274 sub
895 1203 1027 1300 gurgite
1046 1226 1167 1272 remos.

352 1330 423 1398 Nec
439 1352 532 1397 mora
551 1353 559 1396 τ
577 1341 611 1396 ct
628 1325 767 1396 undosis
787 1327 885 1396 turba
905 1327 1087 1395 comitante
1105 1303 1261 1394 sororum

351 1574 484 1660 Litora,
502 1586 537 1640 et
551 1584 733 1667 angustum
749 1570 902 1641 dominas
918 1595 987 1640 non
1004 1567 1148 1664 explicat
1162 1594 1289 1663 aequor.

352 1449 511 1521 Prosiluit
528 1447 682 1519 thalamis
698 1475 706 1517 ε
727 1449 858 1518 ferrent
872 1449 1029 1517 coeuntia
1045 1440 1170 1542 Phryxi

351 1691 413 1762 Illa
429 1694 486 1762 ubi
504 1692 653 1763 discusso
672 1695 820 1788 primum
836 1693 928 1761 subit
942 1716 1018 1761 aera
1038 1706 1143 1786 ponto
1159 1717 1167 1759 ε

352 1843 368 1879 n
383 1817 440 1884 Me
458 1817 541 1910 petit
557 1814 641 1905 haec,
657 1816 741 1888 mihi
754 1814 886 1901 classis,
901 1816 965 1901 ait,
984 1813 1116 1883 funesta
1130 1815 1279 1883 minatur
1296 1840 1305 1881 :

352 1942 506 2033 Agnosco
526 1939 691 2026 monitus,
711 1917 753 2006 et
763 1941 883 2008 Protea
903 1961 981 2005 vera
1002 1935 1165 2006 locutum.

351 2063 437 2128 Ecce
455 2083 578 2127 novam
596 2059 748 2148 Priamo,
764 2054 953 2128 facibtntde
973 2082 1087 2154 puppe
1105 2057 1244 2145 levatis,

352 2185 431 2250 Fert
447 2176 585 2250 Bellona
606 2200 754 2250 nurum:
772 2179 871 2251 video
887 2182 957 2276 jam
976 2178 1068 2249 mille
1088 2182 1211 2249 carinis

351 2305 504 2389 Ionium,
526 2305 740 2400 AEgaeumque
758 2305 866 2400 premi
883 2328 973 2374 :nec
993 2283 1135 2385 sufficit,
1155 2306 1267 2374 omnis
1439 2372 1440 2383 ,

351 2423 453 2514 Quod
474 2423 572 2521 plaga
589 2424 822 2521 Grajugenum
842 2423 977 2494 tumidis
997 2424 1153 2519 conjurat
1170 2423 1322 2496 Atridis:
1439 2394 1440 2415 i

351 2551 425 2617 Jam
440 2545 578 2643 pelago,
597 2548 761 2641 terrisque
780 2570 874 2616 meus
894 2563 1063 2641 quaeretur
1077 2546 1246 2641 Achilles,
1262 2604 1266 2609 .

350 2672 395 2739 Et
411 2668 500 2737 volet
522 2671 592 2763 ipse
612 2671 732 2763 sequi:
752 2666 834 2763 quid
854 2671 945 2738 euim
966 2666 1135 2743 cunabula
1152 2694 1260 2764 parvo
1300 2724 1305 2731 .
1424 2672 1428 2679 ⁴

250 2810 251 2813 ’
351 2789 485 2880 Pelion,
504 2805 539 2859 et
558 2792 644 2859 torvi
660 2792 890 2860 commisimus
906 2807 1002 2861 antra
1019 2791 1195 2888 magistri?

351 2910 439 3000 lllic,
458 2914 494 2980 ni
511 2910 619 3001 fallor,
636 2912 856 3007 Lapitharum
878 2912 996 3007 proelia
1013 2911 1099 2983 ludit
1132 2969 1135 2978 .

351 3034 548 3129 Improbus‚
566 3049 601 3103 et
620 3036 730 3131 patria
743 3036 814 3130 jam
832 3061 866 3104 se
884 3036 1021 3105 metitur
1041 3039 1075 3105 in
1095 3037 1201 3114 hasta.

351 3160 383 3226 Ο
405 3155 513 3244 dolor,
532 3182 553 3225 o
573 3157 637 3229 seri
654 3171 808 3225 materno
827 3160 862 3226 in
882 3156 985 3227 corde
1000 3156 1153 3228 timores!
1409 3216 1414 3228 .

350 3279 429 3347 Non
447 3280 544 3373 potui
565 3276 699 3367 infelix,
716 3303 823 3372 quum
842 3280 990 3373 primum
1010 3281 1043 3349 in
1063 3282 1199 3378 gurgite
1218 3298 1335 3353 nostro
1439 3289 1440 3326 l

350 3399 506 3469 Rhoetaeae
524 3398 673 3470 cecidere
693 3401 823 3489 trabes,
844 3399 997 3491 attollere
1016 3427 1175 3499 magnum
1296 3470 1299 3474 .

350 3519 503 3614 AEquor?
519 3536 553 3590 et
571 3522 689 3593 incesti
706 3522 873 3617 predonis
894 3521 965 3594 vela
984 3524 1153 3621 profunda
1191 3576 1196 3583 ,

350 3644 562 3735 Tempestate
580 3642 697 3739 sequi?
712 3659 916 3740 cunctasque
933 3645 1057 3716 inferre
1074 3648 1229 3718 sorores?

350 3764 451 3832 Nunc
466 3787 622 3857 quoquc:
638 3762 696 3835 sed
710 3766 845 3838 tardum
861 3782 928 3853 est,
942 3768 1014 3861 jam
1030 3767 1127 3863 plena
1145 3770 1270 3864 injuria
1286 3786 1390 3867 rapta

351 3882 412 3952 lbo
428 3898 558 3974 tamen,
574 3883 751 3982 pelagique
767 3890 875 3975 Deos,
892 3887 1112 3984 dextramque
1130 3891 1289 3981 secundi,
1439 3911 1440 3992 j

351 4005 453 4093 Quod
473 4021 620 4102 superest
631 4059 641 4097 ,
658 4006 832 4107 complexa
846 4011 967 4097 Jovis,
977 4034 1038 4105 per
1052 4011 1199 4107 Tethyos
1219 4038 1325 4084 annos
1439 4069 1440 4094 ς

350 4126 645 4225 Grandaevumque
660 4147 808 4225 patrcm,
825 4131 966 4227 supplex
979 4133 1170 4229 miseranda
1188 4136 1316 4232 rogabo
