<?xml version="1.0" encoding="UTF-8"?>
<!DOCTYPE html PUBLIC "-//W3C//DTD XHTML 1.0 Transitional//EN"
    "http://www.w3.org/TR/xhtml1/DTD/xhtml1-transitional.dtd">
<html xmlns="http://www.w3.org/1999/xhtml" xml:lang="en" lang="en">
 <head>
  <title>
</title>
<meta http-equiv="Content-Type" content="text/html;charset=utf-8" />
  <meta name='ocr-system' content='tesseract 3.04.00' />
  <meta name='ocr-capabilities' content='ocr_page ocr_carea ocr_par ocr_line ocrx_word'/>
</head>
<body>
  <div class='ocr_page' id='page_1' title='image "./operaquaeextant01dbgoog_0510.png"; bbox 0 0 2934 4950; ppageno 0'>
   <div class='ocr_carea' id='block_1_1' title="bbox 79 371 1214 484">
    <p class='ocr_par' dir='ltr' id='par_1_1' title="bbox 79 371 1214 484">
     <span class='ocr_line' id='line_1_1' title="bbox 79 371 1214 484; baseline 0.007 -17"><span class='ocrx_word' id='word_1_1' title='bbox 79 419 196 484; x_wconf 60' lang='lat' dir='ltr'>(ms.)</span> <span class='ocrx_word' id='word_1_2' title='bbox 392 417 606 474; x_wconf 76' lang='lat' dir='ltr'>rueramus</span> <span class='ocrx_word' id='word_1_3' title='bbox 628 371 810 473; x_wconf 56' lang='lat' dir='ltr'>umanxs</span> <span class='ocrx_word' id='word_1_4' title='bbox 1074 417 1125 475; x_wconf 81' lang='lat'>181</span> <span class='ocrx_word' id='word_1_5' title='bbox 1211 439 1214 448; x_wconf 96' lang='lat'>·</span> 
     </span>
    </p>
   </div>
   <div class='ocr_carea' id='block_1_2' title="bbox 78 541 1171 4169">
    <p class='ocr_par' dir='ltr' id='par_1_2' title="bbox 78 541 1171 4169">
     <span class='ocr_line' id='line_1_2' title="bbox 128 541 928 639; baseline -0.003 -24"><span class='ocrx_word' id='word_1_6' title='bbox 128 545 219 616; x_wconf 87' lang='lat' dir='ltr'>Talis</span> <span class='ocrx_word' id='word_1_7' title='bbox 234 559 306 615; x_wconf 89' lang='lat' dir='ltr'>erat</span> <span class='ocrx_word' id='word_1_8' title='bbox 325 544 579 614; x_wconf 76' lang='lat' dir='ltr'>turmae&#39;duotor</span> <span class='ocrx_word' id='word_1_9' title='bbox 595 541 767 639; x_wconf 84' lang='lat' dir='ltr'>lo&#39;ngaevns</span> <span class='ocrx_word' id='word_1_10' title='bbox 783 544 928 615; x_wconf 78' lang='lat' dir='ltr'>Achivae.</span> 
     </span>
     <span class='ocr_line' id='line_1_3' title="bbox 80 663 1016 762; baseline -0.004 -23"><span class='ocrx_word' id='word_1_11' title='bbox 80 671 150 740; x_wconf 88' lang='lat' dir='ltr'>Nec</span> <span class='ocrx_word' id='word_1_12' title='bbox 169 667 262 737; x_wconf 83' lang='lat' dir='ltr'>deest</span> <span class='ocrx_word' id='word_1_13' title='bbox 277 667 393 762; x_wconf 84' lang='lat' dir='ltr'>coeptis</span> <span class='ocrx_word' id='word_1_14' title='bbox 412 691 420 732; x_wconf 78' lang='grc' dir='ltr'><strong><em>ε</em></strong></span> <span class='ocrx_word' id='word_1_15' title='bbox 436 695 452 730; x_wconf 78' lang='grc' dir='ltr'><strong>α</strong></span> <span class='ocrx_word' id='word_1_16' title='bbox 471 663 571 735; x_wconf 88' lang='lat' dir='ltr'>Unde</span> <span class='ocrx_word' id='word_1_17' title='bbox 588 664 660 737; x_wconf 82' lang='lat' dir='ltr'><strong>haec&#39;</strong></span> <span class='ocrx_word' id='word_1_18' title='bbox 678 681 747 735; x_wconf 90' lang='lat' dir='ltr'>tam</span> <span class='ocrx_word' id='word_1_19' title='bbox 766 673 847 735; x_wconf 76' lang='lat' dir='ltr'>sera</span> <span class='ocrx_word' id='word_1_20' title='bbox 855 680 992 760; x_wconf 89' lang='lat' dir='ltr'>repente</span> <span class='ocrx_word' id='word_1_21' title='bbox 1011 669 1016 676; x_wconf 83' lang='lat'>&#39;</span> 
     </span>
     <span class='ocr_line' id='line_1_4' title="bbox 79 785 996 886; baseline -0.002 -28"><span class='ocrx_word' id='word_1_22' title='bbox 79 787 251 858; x_wconf 77' lang='lat' dir='ltr'>Numina?</span> <span class='ocrx_word' id='word_1_23' title='bbox 267 789 325 882; x_wconf 87' lang='lat' dir='ltr'>qui</span> <span class='ocrx_word' id='word_1_24' title='bbox 343 786 467 856; x_wconf 84' lang='lat' dir='ltr'>fractos</span> <span class='ocrx_word' id='word_1_25' title='bbox 487 787 608 882; x_wconf 87' lang='lat' dir='ltr'>Superi</span> <span class='ocrx_word' id='word_1_26' title='bbox 624 785 768 886; x_wconf 86' lang='lat' dir='ltr'>rediistis</span> <span class='ocrx_word' id='word_1_27' title='bbox 788 786 830 855; x_wconf 91' lang='lat' dir='ltr'>ad</span> <span class='ocrx_word' id='word_1_28' title='bbox 846 788 973 883; x_wconf 81' lang='lat' dir='ltr'>Argos?</span> <span class='ocrx_word' id='word_1_29' title='bbox 993 791 996 796; x_wconf 78' lang='grc'><strong>’</strong></span> 
     </span>
     <span class='ocr_line' id='line_1_5' title="bbox 78 905 974 1004; baseline -0.002 -24"><span class='ocrx_word' id='word_1_30' title='bbox 78 915 187 980; x_wconf 84' lang='lat' dir='ltr'><strong>Estne</strong></span> <span class='ocrx_word' id='word_1_31' title='bbox 205 909 261 979; x_wconf 90' lang='lat' dir='ltr'>hic</span> <span class='ocrx_word' id='word_1_32' title='bbox 280 906 395 978; x_wconf 83' lang='lat' dir='ltr'><strong>infelix</strong></span> <span class='ocrx_word' id='word_1_33' title='bbox 411 905 541 977; x_wconf 82' lang='lat' dir='ltr'>virtus?</span> <span class='ocrx_word' id='word_1_34' title='bbox 559 908 716 1002; x_wconf 86' lang='lat' dir='ltr'>gentique</span> <span class='ocrx_word' id='word_1_35' title='bbox 738 925 903 1004; x_wconf 87' lang='lat' dir='ltr'>superstes</span> <span class='ocrx_word' id='word_1_36' title='bbox 970 987 974 995; x_wconf 19' lang='grc' dir='ltr'><em>ι</em></span> 
     </span>
     <span class='ocr_line' id='line_1_6' title="bbox 79 1030 1009 1127; baseline -0.002 -25"><span class='ocrx_word' id='word_1_37' title='bbox 79 1033 244 1127; x_wconf 80' lang='lat' dir='ltr'>Sanguis,</span> <span class='ocrx_word' id='word_1_38' title='bbox 261 1045 295 1100; x_wconf 91' lang='lat' dir='ltr'>et</span> <span class='ocrx_word' id='word_1_39' title='bbox 312 1033 347 1100; x_wconf 91' lang='lat' dir='ltr'>in</span> <span class='ocrx_word' id='word_1_40' title='bbox 363 1030 493 1100; x_wconf 87' lang='lat' dir='ltr'>miseris</span> <span class='ocrx_word' id='word_1_41' title='bbox 512 1030 702 1100; x_wconf 87' lang='lat' dir='ltr'>animorum</span> <span class='ocrx_word' id='word_1_42' title='bbox 718 1031 1009 1126; x_wconf 80' lang='lat' dir='ltr'>semina&#39;durant?</span> 
     </span>
     <span class='ocr_line' id='line_1_7' title="bbox 80 1150 1107 1248; baseline 0 -26"><span class='ocrx_word' id='word_1_43' title='bbox 80 1153 200 1224; x_wconf 86' lang='lat' dir='ltr'>Laudo</span> <span class='ocrx_word' id='word_1_44' title='bbox 221 1150 394 1248; x_wconf 81' lang='lat' dir='ltr'>equidem,</span> <span class='ocrx_word' id='word_1_45' title='bbox 415 1152 540 1246; x_wconf 85' lang='lat' dir='ltr'>egregii</span> <span class='ocrx_word' id='word_1_46' title='bbox 553 1151 710 1245; x_wconf 76' lang='lat' dir='ltr'>juvenes,</span> <span class='ocrx_word' id='word_1_47' title='bbox 729 1151 938 1248; x_wconf 84' lang='lat' dir='ltr'>pulchraque</span> <span class='ocrx_word' id='word_1_48' title='bbox 955 1155 1107 1224; x_wconf 79' lang='lat' dir='ltr'>nieorum</span> 
     </span>
     <span class='ocr_line' id='line_1_8' title="bbox 80 1271 1021 1371; baseline 0.001 -27"><span class='ocrx_word' id='word_1_49' title='bbox 80 1275 254 1344; x_wconf 89' lang='lat' dir='ltr'>Seditione</span> <span class='ocrx_word' id='word_1_50' title='bbox 272 1273 391 1344; x_wconf 82' lang='lat' dir='ltr'>fruor:</span> <span class='ocrx_word' id='word_1_51' title='bbox 411 1271 468 1342; x_wconf 88' lang='lat' dir='ltr'>sed</span> <span class='ocrx_word' id='word_1_52' title='bbox 486 1271 712 1362; x_wconf 54' lang='lat' dir='ltr'>fraudemset</span> <span class='ocrx_word' id='word_1_53' title='bbox 723 1283 846 1370; x_wconf 85' lang='lat' dir='ltr'>&#39;operta</span> <span class='ocrx_word' id='word_1_54' title='bbox 863 1277 1021 1371; x_wconf 76' lang='lat' dir='ltr'>paramus</span> 
     </span>
     <span class='ocr_line' id='line_1_9' title="bbox 80 1384 971 1491; baseline -0.002 -25"><span class='ocrx_word' id='word_1_55' title='bbox 80 1395 229 1466; x_wconf 86' lang='lat' dir='ltr'>Proelia:</span> <span class='ocrx_word' id='word_1_56' title='bbox 248 1384 377 1466; x_wconf 77' lang='lat' dir='ltr'>celandi</span> <span class='ocrx_word' id='word_1_57' title='bbox 396 1409 507 1464; x_wconf 89' lang='lat' dir='ltr'>motus</span> <span class='ocrx_word' id='word_1_58' title='bbox 527 1421 535 1463; x_wconf 91' lang='lat'><strong>:</strong></span> <span class='ocrx_word' id='word_1_59' title='bbox 556 1419 732 1489; x_wconf 85' lang='lat' dir='ltr'>nunquam</span> <span class='ocrx_word' id='word_1_60' title='bbox 752 1411 832 1491; x_wconf 88' lang='lat' dir='ltr'>apta</span> <span class='ocrx_word' id='word_1_61' title='bbox 850 1395 971 1482; x_wconf 77' lang='lat' dir='ltr'>latenti</span> 
     </span>
     <span class='ocr_line' id='line_1_10' title="bbox 78 1515 1046 1587; baseline 0 -1"><span class='ocrx_word' id='word_1_62' title='bbox 78 1517 196 1586; x_wconf 81' lang='lat' dir='ltr'>Turba</span> <span class='ocrx_word' id='word_1_63' title='bbox 214 1515 294 1586; x_wconf 92' lang='lat' dir='ltr'>dolo</span> <span class='ocrx_word' id='word_1_64' title='bbox 312 1543 321 1585; x_wconf 92' lang='lat'><strong>:</strong></span> <span class='ocrx_word' id='word_1_65' title='bbox 336 1523 472 1586; x_wconf 70' lang='lat' dir='ltr'>&#39;servate</span> <span class='ocrx_word' id='word_1_66' title='bbox 490 1517 619 1586; x_wconf 86' lang='lat' dir='ltr'>animos</span> <span class='ocrx_word' id='word_1_67' title='bbox 637 1541 646 1584; x_wconf 72' lang='grc' dir='ltr'><strong><em>ε</em></strong></span> <span class='ocrx_word' id='word_1_68' title='bbox 665 1515 865 1587; x_wconf 76' lang='lat' dir='ltr'>venitultor</span> <span class='ocrx_word' id='word_1_69' title='bbox 880 1519 915 1586; x_wconf 92' lang='lat' dir='ltr'>in</span> <span class='ocrx_word' id='word_1_70' title='bbox 932 1517 1046 1587; x_wconf 91' lang='lat' dir='ltr'>hostes</span> 
     </span>
     <span class='ocr_line' id='line_1_11' title="bbox 79 1619 1071 1732; baseline -0.006 -24"><span class='ocrx_word' id='word_1_71' title='bbox 79 1643 168 1708; x_wconf 83' lang='lat' dir='ltr'>Ecce</span> <span class='ocrx_word' id='word_1_72' title='bbox 187 1637 257 1708; x_wconf 92' lang='lat' dir='ltr'>dies</span> <span class='ocrx_word' id='word_1_73' title='bbox 275 1647 388 1708; x_wconf 70' lang='lat' dir='ltr'>:tuno</span> <span class='ocrx_word' id='word_1_74' title='bbox 406 1663 498 1708; x_wconf 82' lang='lat' dir='ltr'>erma</span> <span class='ocrx_word' id='word_1_75' title='bbox 515 1635 646 1732; x_wconf 91' lang='lat' dir='ltr'>palam,</span> <span class='ocrx_word' id='word_1_76' title='bbox 665 1619 748 1708; x_wconf 89' lang='lat' dir='ltr'>tunc</span> <span class='ocrx_word' id='word_1_77' title='bbox 765 1639 1034 1711; x_wconf 68' lang='lat' dir='ltr'>ibimus&#39;omnesj</span> <span class='ocrx_word' id='word_1_78' title='bbox 1054 1669 1071 1703; x_wconf 76' lang='lat' dir='ltr'>s</span> 
     </span>
     <span class='ocr_line' id='line_1_12' title="bbox 133 1757 968 1858; baseline 0.001 -30"><span class='ocrx_word' id='word_1_79' title='bbox 133 1760 196 1828; x_wconf 85' lang='lat' dir='ltr'>His</span> <span class='ocrx_word' id='word_1_80' title='bbox 213 1757 349 1830; x_wconf 89' lang='lat' dir='ltr'>tandem</span> <span class='ocrx_word' id='word_1_81' title='bbox 367 1760 475 1828; x_wconf 87' lang='lat' dir='ltr'>virtus</span> <span class='ocrx_word' id='word_1_82' title='bbox 487 1759 650 1853; x_wconf 87' lang='lat' dir='ltr'>juvenum</span> <span class='ocrx_word' id='word_1_83' title='bbox 667 1759 799 1858; x_wconf 84' lang='lat' dir='ltr'>frenata</span> <span class='ocrx_word' id='word_1_84' title='bbox 817 1761 968 1854; x_wconf 67' lang='lat' dir='ltr'>quievit·</span> 
     </span>
     <span class='ocr_line' id='line_1_13' title="bbox 81 1879 917 1975; baseline -0.001 -23"><span class='ocrx_word' id='word_1_85' title='bbox 81 1883 162 1952; x_wconf 91' lang='lat' dir='ltr'>Non</span> <span class='ocrx_word' id='word_1_86' title='bbox 180 1879 279 1952; x_wconf 86' lang='lat' dir='ltr'>aliter</span> <span class='ocrx_word' id='word_1_87' title='bbox 293 1896 387 1951; x_wconf 89' lang='lat' dir='ltr'>moto</span> <span class='ocrx_word' id='word_1_88' title='bbox 403 1905 504 1974; x_wconf 83' lang='lat' dir='ltr'>quam</span> <span class='ocrx_word' id='word_1_89' title='bbox 522 1881 549 1950; x_wconf 93' lang='lat' dir='ltr'>si</span> <span class='ocrx_word' id='word_1_90' title='bbox 570 1895 666 1975; x_wconf 88' lang='lat' dir='ltr'>pater</span> <span class='ocrx_word' id='word_1_91' title='bbox 683 1881 799 1952; x_wconf 81' lang='lat' dir='ltr'>AEolus</span> <span class='ocrx_word' id='word_1_92' title='bbox 817 1893 917 1952; x_wconf 87' lang='lat' dir='ltr'>antro</span> 
     </span>
     <span class='ocr_line' id='line_1_14' title="bbox 81 2005 1017 2106; baseline -0.001 -32"><span class='ocrx_word' id='word_1_93' title='bbox 81 2008 230 2074; x_wconf 84' lang='lat' dir='ltr'>Portam</span> <span class='ocrx_word' id='word_1_94' title='bbox 242 2005 364 2074; x_wconf 87' lang='lat' dir='ltr'>iterum</span> <span class='ocrx_word' id='word_1_95' title='bbox 385 2028 464 2072; x_wconf 86' lang='lat' dir='ltr'>saxo</span> <span class='ocrx_word' id='word_1_96' title='bbox 481 2015 613 2099; x_wconf 86' lang='lat' dir='ltr'>premat</span> <span class='ocrx_word' id='word_1_97' title='bbox 631 2005 903 2106; x_wconf 84' lang='lat' dir='ltr'>imperiosus,·et</span> <span class='ocrx_word' id='word_1_98' title='bbox 916 2029 1017 2074; x_wconf 90' lang='lat' dir='ltr'>omne</span> 
     </span>
     <span class='ocr_line' id='line_1_15' title="bbox 82 2124 1004 2221; baseline -0.005 -23"><span class='ocrx_word' id='word_1_99' title='bbox 82 2124 231 2198; x_wconf 82' lang='lat' dir='ltr'>Claudat</span> <span class='ocrx_word' id='word_1_100' title='bbox 249 2127 328 2212; x_wconf 87' lang='lat' dir='ltr'>iter,</span> <span class='ocrx_word' id='word_1_101' title='bbox 344 2126 484 2220; x_wconf 77' lang='lat' dir='ltr'>Jamjam</span> <span class='ocrx_word' id='word_1_102' title='bbox 503 2126 716 2221; x_wconf 79' lang='lat' dir='ltr'>sperantibus</span> <span class='ocrx_word' id='word_1_103' title='bbox 734 2151 870 2221; x_wconf 77' lang='lat' dir='ltr'>aequora</span> <span class='ocrx_word' id='word_1_104' title='bbox 886 2128 1004 2195; x_wconf 78' lang='lat' dir='ltr'>ventis.</span> 
     </span>
     <span class='ocr_line' id='line_1_16' title="bbox 83 2245 923 2343; baseline -0.002 -27"><span class='ocrx_word' id='word_1_105' title='bbox 83 2251 229 2343; x_wconf 84' lang='lat' dir='ltr'>Insuper</span> <span class='ocrx_word' id='word_1_106' title='bbox 246 2245 447 2318; x_wconf 84' lang='lat' dir='ltr'>Herculeum</span> <span class='ocrx_word' id='word_1_107' title='bbox 465 2247 528 2316; x_wconf 93' lang='lat' dir='ltr'>sibi</span> <span class='ocrx_word' id='word_1_108' title='bbox 543 2247 658 2342; x_wconf 87' lang='lat' dir='ltr'>jungit</span> <span class='ocrx_word' id='word_1_109' title='bbox 676 2245 822 2340; x_wconf 80' lang='lat' dir='ltr'>Agyllea</span> <span class='ocrx_word' id='word_1_110' title='bbox 832 2259 923 2316; x_wconf 87' lang='lat' dir='ltr'>vates</span> 
     </span>
     <span class='ocr_line' id='line_1_17' title="bbox 82 2367 997 2463; baseline -0.004 -23"><span class='ocrx_word' id='word_1_111' title='bbox 82 2375 276 2463; x_wconf 81' lang='lat' dir='ltr'><strong>Actoraque</strong></span> <span class='ocrx_word' id='word_1_112' title='bbox 294 2394 302 2437; x_wconf 91' lang='lat'><strong>:</strong></span> <span class='ocrx_word' id='word_1_113' title='bbox 319 2368 376 2438; x_wconf 92' lang='lat' dir='ltr'>hic</span> <span class='ocrx_word' id='word_1_114' title='bbox 393 2382 492 2463; x_wconf 89' lang='lat' dir='ltr'>aptus</span> <span class='ocrx_word' id='word_1_115' title='bbox 508 2367 666 2455; x_wconf 86' lang='lat' dir='ltr'>suadere,</span> <span class='ocrx_word' id='word_1_116' title='bbox 684 2367 740 2436; x_wconf 88' lang='lat' dir='ltr'>hio</span> <span class='ocrx_word' id='word_1_117' title='bbox 757 2367 878 2436; x_wconf 89' lang='lat' dir='ltr'>robora</span> <span class='ocrx_word' id='word_1_118' title='bbox 891 2369 997 2460; x_wconf 81' lang='lat' dir='ltr'>jactat</span> 
     </span>
     <span class='ocr_line' id='line_1_18' title="bbox 83 2488 1092 2589; baseline 0.002 -28"><span class='ocrx_word' id='word_1_119' title='bbox 83 2494 164 2561; x_wconf 88' lang='lat' dir='ltr'>Non</span> <span class='ocrx_word' id='word_1_120' title='bbox 185 2492 322 2589; x_wconf 83' lang='lat' dir='ltr'>cessisse</span> <span class='ocrx_word' id='word_1_121' title='bbox 340 2492 429 2587; x_wconf 83' lang='lat' dir='ltr'>patri</span> <span class='ocrx_word' id='word_1_122' title='bbox 450 2516 458 2559; x_wconf 76' lang='grc' dir='ltr'><strong>ε</strong></span> <span class='ocrx_word' id='word_1_123' title='bbox 479 2490 618 2559; x_wconf 85' lang='lat' dir='ltr'><strong>comites</strong></span> <span class='ocrx_word' id='word_1_124' title='bbox 635 2489 743 2559; x_wconf 86' lang='lat' dir='ltr'>tribus</span> <span class='ocrx_word' id='word_1_125' title='bbox 761 2488 881 2559; x_wconf 84' lang='lat' dir='ltr'>ordine</span> <span class='ocrx_word' id='word_1_126' title='bbox 898 2489 995 2575; x_wconf 87' lang='lat' dir='ltr'>deni,</span> <span class='ocrx_word' id='word_1_127' title='bbox 1086 2556 1092 2563; x_wconf 91' lang='lat'><em>.</em></span> 
     </span>
     <span class='ocr_line' id='line_1_19' title="bbox 83 2586 1000 2704; baseline -0.003 -22"><span class='ocrx_word' id='word_1_128' title='bbox 83 2612 304 2683; x_wconf 75' lang='lat' dir='ltr'>Hor-rendum</span> <span class='ocrx_word' id='word_1_129' title='bbox 320 2598 458 2698; x_wconf 85' lang='lat' dir='ltr'>Aoniis,</span> <span class='ocrx_word' id='word_1_130' title='bbox 477 2624 512 2681; x_wconf 90' lang='lat' dir='ltr'>et</span> <span class='ocrx_word' id='word_1_131' title='bbox 528 2626 648 2682; x_wconf 85' lang='lat' dir='ltr'>contra</span> <span class='ocrx_word' id='word_1_132' title='bbox 666 2586 851 2698; x_wconf 82' lang='lat' dir='ltr'>stantibus,</span> <span class='ocrx_word' id='word_1_133' title='bbox 869 2636 1000 2704; x_wconf 80' lang='lat' dir='ltr'>agmen.</span> 
     </span>
     <span class='ocr_line' id='line_1_20' title="bbox 137 2730 974 2830; baseline -0.005 -26"><span class='ocrx_word' id='word_1_134' title='bbox 137 2740 231 2830; x_wconf 89' lang='lat' dir='ltr'>Ipse,</span> <span class='ocrx_word' id='word_1_135' title='bbox 251 2735 330 2803; x_wconf 85' lang='lat' dir='ltr'>novi</span> <span class='ocrx_word' id='word_1_136' title='bbox 351 2731 615 2829; x_wconf 83' lang='lat' dir='ltr'>gradiens&#39;lurta</span> <span class='ocrx_word' id='word_1_137' title='bbox 634 2732 677 2801; x_wconf 91' lang='lat' dir='ltr'>ad</span> <span class='ocrx_word' id='word_1_138' title='bbox 694 2730 974 2820; x_wconf 88' lang='lat' dir='ltr'>mavortia&#39;belli,</span> 
     </span>
     <span class='ocr_line' id='line_1_21' title="bbox 85 2853 865 2949; baseline -0.005 -22"><span class='ocrx_word' id='word_1_139' title='bbox 85 2857 190 2927; x_wconf 83' lang='lat' dir='ltr'>Ponit</span> <span class='ocrx_word' id='word_1_140' title='bbox 208 2855 363 2925; x_wconf 87' lang='lat' dir='ltr'>adoratas</span> <span class='ocrx_word' id='word_1_141' title='bbox 381 2854 526 2925; x_wconf 78' lang='lat' dir='ltr'>Phoebea</span> <span class='ocrx_word' id='word_1_142' title='bbox 546 2855 689 2949; x_wconf 85' lang='lat' dir='ltr'>insignia</span> <span class='ocrx_word' id='word_1_143' title='bbox 710 2853 865 2940; x_wconf 79' lang='lat' dir='ltr'>frondes,</span> 
     </span>
     <span class='ocr_line' id='line_1_22' title="bbox 86 2974 998 3073; baseline -0.004 -24"><span class='ocrx_word' id='word_1_144' title='bbox 86 2978 319 3073; x_wconf 84' lang='lat' dir='ltr'>Longaevique</span> <span class='ocrx_word' id='word_1_145' title='bbox 338 2974 432 3045; x_wconf 90' lang='lat' dir='ltr'>ducis</span> <span class='ocrx_word' id='word_1_146' title='bbox 453 2977 581 3070; x_wconf 86' lang='lat' dir='ltr'>gremio</span> <span class='ocrx_word' id='word_1_147' title='bbox 601 2974 817 3045; x_wconf 82' lang='lat' dir='ltr'>commendat</span> <span class='ocrx_word' id='word_1_148' title='bbox 835 2977 998 3046; x_wconf 78' lang='lat' dir='ltr'>honorem</span> 
     </span>
     <span class='ocr_line' id='line_1_23' title="bbox 86 3095 929 3194; baseline -0.004 -24"><span class='ocrx_word' id='word_1_149' title='bbox 86 3100 242 3187; x_wconf 82' lang='lat' dir='ltr'>Frontis,</span> <span class='ocrx_word' id='word_1_150' title='bbox 260 3113 294 3167; x_wconf 85' lang='lat' dir='ltr'>et</span> <span class='ocrx_word' id='word_1_151' title='bbox 311 3095 459 3168; x_wconf 89' lang='lat' dir='ltr'>oblatam</span> <span class='ocrx_word' id='word_1_152' title='bbox 477 3095 647 3193; x_wconf 85' lang='lat' dir='ltr'>Polynicis</span> <span class='ocrx_word' id='word_1_153' title='bbox 664 3122 805 3167; x_wconf 88' lang='lat' dir='ltr'>munere</span> <span class='ocrx_word' id='word_1_154' title='bbox 821 3106 929 3194; x_wconf 86' lang='lat' dir='ltr'>grat&#39;o·</span> 
     </span>
     <span class='ocr_line' id='line_1_24' title="bbox 87 3217 995 3315; baseline -0.002 -24"><span class='ocrx_word' id='word_1_155' title='bbox 87 3222 247 3292; x_wconf 82' lang='lat' dir='ltr'>loricam</span> <span class='ocrx_word' id='word_1_156' title='bbox 267 3217 463 3313; x_wconf 81' lang='lat' dir='ltr'>galeamque</span> <span class='ocrx_word' id='word_1_157' title='bbox 481 3217 571 3287; x_wconf 86' lang='lat' dir='ltr'>subit</span> <span class='ocrx_word' id='word_1_158' title='bbox 589 3244 597 3287; x_wconf 76' lang='grc' dir='ltr'><strong>ε</strong></span> <span class='ocrx_word' id='word_1_159' title='bbox 618 3218 708 3289; x_wconf 82' lang='lat' dir='ltr'>serus</span> <span class='ocrx_word' id='word_1_160' title='bbox 727 3223 851 3315; x_wconf 83' lang='lat' dir='ltr'>Actora</span> <span class='ocrx_word' id='word_1_161' title='bbox 864 3228 995 3315; x_wconf 80' lang='lat' dir='ltr'>&#39;magno</span> 
     </span>
     <span class='ocr_line' id='line_1_25' title="bbox 89 3337 1110 3437; baseline -0.006 -23"><span class='ocrx_word' id='word_1_162' title='bbox 89 3349 180 3414; x_wconf 90' lang='lat' dir='ltr'>Ense</span> <span class='ocrx_word' id='word_1_163' title='bbox 201 3340 528 3437; x_wconf 66' lang='lat' dir='ltr'>gravat&#39;Capaueua,</span> <span class='ocrx_word' id='word_1_164' title='bbox 548 3340 619 3435; x_wconf 88' lang='lat' dir='ltr'>ipse</span> <span class='ocrx_word' id='word_1_165' title='bbox 635 3338 726 3409; x_wconf 90' lang='lat' dir='ltr'>haud</span> <span class='ocrx_word' id='word_1_166' title='bbox 747 3337 904 3435; x_wconf 85' lang='lat' dir='ltr'>dignatus</span> <span class='ocrx_word' id='word_1_167' title='bbox 924 3343 959 3409; x_wconf 91' lang='lat' dir='ltr'>in</span> <span class='ocrx_word' id='word_1_168' title='bbox 979 3340 1110 3409; x_wconf 76' lang='lat' dir='ltr'>hostem</span> 
     </span>
     <span class='ocr_line' id='line_1_26' title="bbox 88 3461 1001 3559; baseline -0.002 -24"><span class='ocrx_word' id='word_1_169' title='bbox 88 3470 141 3535; x_wconf 86' lang='lat' dir='ltr'>Ire</span> <span class='ocrx_word' id='word_1_170' title='bbox 162 3463 262 3551; x_wconf 92' lang='lat' dir='ltr'>dolo,</span> <span class='ocrx_word' id='word_1_171' title='bbox 281 3466 492 3558; x_wconf 79' lang='lat' dir='ltr'>superosque</span> <span class='ocrx_word' id='word_1_172' title='bbox 508 3462 602 3555; x_wconf 89' lang='lat' dir='ltr'>sequi</span> <span class='ocrx_word' id='word_1_173' title='bbox 623 3476 820 3556; x_wconf 90' lang='lat' dir='ltr'>:permutat</span> <span class='ocrx_word' id='word_1_174' title='bbox 841 3461 1001 3559; x_wconf 83' lang='lat' dir='ltr'>Agylleus</span> 
     </span>
     <span class='ocr_line' id='line_1_27' title="bbox 90 3581 1171 3677; baseline -0.006 -19"><span class='ocrx_word' id='word_1_175' title='bbox 90 3592 194 3658; x_wconf 86' lang='lat' dir='ltr'>Arma</span> <span class='ocrx_word' id='word_1_176' title='bbox 214 3585 318 3655; x_wconf 86' lang='lat' dir='ltr'>trucis</span> <span class='ocrx_word' id='word_1_177' title='bbox 335 3584 449 3653; x_wconf 87' lang='lat' dir='ltr'>Nomii</span> <span class='ocrx_word' id='word_1_178' title='bbox 468 3610 476 3652; x_wconf 93' lang='lat'><strong>:</strong></span> <span class='ocrx_word' id='word_1_179' title='bbox 497 3582 579 3677; x_wconf 91' lang='lat' dir='ltr'>quid</span> <span class='ocrx_word' id='word_1_180' title='bbox 597 3584 686 3652; x_wconf 90' lang='lat' dir='ltr'>enim</span> <span class='ocrx_word' id='word_1_181' title='bbox 704 3581 896 3654; x_wconf 77' lang='lat' dir='ltr'>fallentibus</span> <span class='ocrx_word' id='word_1_182' title='bbox 914 3584 1044 3654; x_wconf 90' lang='lat' dir='ltr'>umbris</span> <span class='ocrx_word' id='word_1_183' title='bbox 1163 3662 1171 3673; x_wconf 44' lang='grc'>,</span> 
     </span>
     <span class='ocr_line' id='line_1_28' title="bbox 90 3701 905 3801; baseline -0.005 -22"><span class='ocrx_word' id='word_1_184' title='bbox 90 3713 218 3793; x_wconf 82' lang='lat' dir='ltr'>Arcus,</span> <span class='ocrx_word' id='word_1_185' title='bbox 237 3720 271 3775; x_wconf 87' lang='lat' dir='ltr'>et</span> <span class='ocrx_word' id='word_1_186' title='bbox 285 3702 457 3775; x_wconf 74' lang='lat' dir='ltr'>Herculea</span> <span class='ocrx_word' id='word_1_187' title='bbox 469 3704 635 3799; x_wconf 87' lang='lat' dir='ltr'>juvissent</span> <span class='ocrx_word' id='word_1_188' title='bbox 648 3701 737 3773; x_wconf 90' lang='lat' dir='ltr'>bella</span> <span class='ocrx_word' id='word_1_189' title='bbox 755 3704 905 3801; x_wconf 79' lang='lat' dir='ltr'>sagittae?</span> 
     </span>
     <span class='ocr_line' id='line_1_29' title="bbox 140 3827 1031 3925; baseline 0 -26"><span class='ocrx_word' id='word_1_190' title='bbox 140 3828 226 3899; x_wconf 88' lang='lat' dir='ltr'>Inde</span> <span class='ocrx_word' id='word_1_191' title='bbox 243 3852 304 3925; x_wconf 88' lang='lat' dir='ltr'>per</span> <span class='ocrx_word' id='word_1_192' title='bbox 321 3827 479 3922; x_wconf 86' lang='lat' dir='ltr'>abruptas</span> <span class='ocrx_word' id='word_1_193' title='bbox 493 3841 680 3897; x_wconf 82' lang='lat' dir='ltr'>castrorum</span> <span class='ocrx_word' id='word_1_194' title='bbox 698 3852 740 3897; x_wconf 82' lang='lat' dir='ltr'>ex</span> <span class='ocrx_word' id='word_1_195' title='bbox 754 3852 876 3923; x_wconf 84' lang='lat' dir='ltr'>aggere</span> <span class='ocrx_word' id='word_1_196' title='bbox 892 3831 1031 3924; x_wconf 84' lang='lat' dir='ltr'>pinnas,</span> 
     </span>
     <span class='ocr_line' id='line_1_30' title="bbox 94 3946 901 4047; baseline -0.004 -24"><span class='ocrx_word' id='word_1_197' title='bbox 94 3955 147 4023; x_wconf 87' lang='lat' dir='ltr'>Ne</span> <span class='ocrx_word' id='word_1_198' title='bbox 167 3951 278 4047; x_wconf 84' lang='lat' dir='ltr'>gravis</span> <span class='ocrx_word' id='word_1_199' title='bbox 294 3946 458 4019; x_wconf 84' lang='lat' dir='ltr'>exclamet</span> <span class='ocrx_word' id='word_1_200' title='bbox 477 3962 583 4043; x_wconf 76' lang='lat' dir='ltr'>porta</span> <span class='ocrx_word' id='word_1_201' title='bbox 600 3949 750 4045; x_wconf 89' lang='lat' dir='ltr'>mugitus</span> <span class='ocrx_word' id='word_1_202' title='bbox 769 3948 901 4039; x_wconf 78' lang='lat' dir='ltr'>ahena,</span> 
     </span>
     <span class='ocr_line' id='line_1_31' title="bbox 93 4067 1046 4169; baseline -0.004 -24"><span class='ocrx_word' id='word_1_203' title='bbox 93 4074 310 4169; x_wconf 73' lang='lat' dir='ltr'>Praecipitant</span> <span class='ocrx_word' id='word_1_204' title='bbox 324 4070 410 4143; x_wconf 86' lang='lat' dir='ltr'>saltu</span> <span class='ocrx_word' id='word_1_205' title='bbox 424 4096 432 4139; x_wconf 91' lang='lat'><strong>:</strong></span> <span class='ocrx_word' id='word_1_206' title='bbox 448 4093 510 4138; x_wconf 88' lang='lat' dir='ltr'>nec</span> <span class='ocrx_word' id='word_1_207' title='bbox 530 4067 686 4165; x_wconf 88' lang='lat' dir='ltr'>longum,</span> <span class='ocrx_word' id='word_1_208' title='bbox 708 4084 743 4139; x_wconf 88' lang='lat' dir='ltr'>et</span> <span class='ocrx_word' id='word_1_209' title='bbox 759 4074 911 4165; x_wconf 87' lang='lat' dir='ltr'>protinus</span> <span class='ocrx_word' id='word_1_210' title='bbox 929 4074 1046 4169; x_wconf 82' lang='lat' dir='ltr'>ingens</span> 
     </span>
    </p>
   </div>
   <div class='ocr_carea' id='block_1_3' title="bbox 0 0 1487 4950">
    <p class='ocr_par' dir='ltr' id='par_1_3' title="bbox 0 0 1487 4950">
     <span class='ocr_line' id='line_1_32' title="bbox 0 0 1487 4950; baseline 0 0"><span class='ocrx_word' id='word_1_211' title='bbox 0 0 1487 4950; x_wconf 95' lang='lat' dir='ltr'> </span> 
     </span>
    </p>
   </div>
  </div>
 </body>
</html>
