2934 4950
336 327 391 387 166
515 359 521 366 -
639 313 850 374 THEBAIDOS
870 310 980 367 LIBER
1000 306 1052 364 lx
1259 303 1292 364 tv·
1303 304 1364 365 ant

334 443 525 546 Effugium?
539 443 652 516 haecue
681 410 773 512 ultro
793 435 982 537 properasti
998 431 1042 503 nd
1066 425 1199 527 proelia,
1217 452 1300 497 saeae

336 581 384 645 Ac
399 561 584 641 miserande
602 562 705 662 puer?
719 558 823 632 cruda
838 558 905 631 heu
923 555 1109 650 festinaque
1124 551 1231 621 virtus

337 693 460 778 Suasit,
477 705 511 760 et
525 685 691 758 hortatrix
710 683 853 754 animosi
873 677 979 777 gloria
995 675 1064 747 leti.

339 809 470 882 Scilicet
488 823 666 904 augustum
680 799 880 900 jamdudum
897 798 1093 895 urgentibus
1112 798 1208 866 aunis

340 928 531 1001 Maenalium
545 929 625 1015 tibi,
644 951 762 1020 parve,
780 947 913 1009 nemus,
930 943 1056 1015 perque
1073 933 1171 987 antra
1189 914 1334 985 ferarum
1420 966 1421 977 ,

339 1053 406 1122 Vix
422 1063 500 1119 tute
517 1049 586 1118 sine
601 1061 707 1116 matre
724 1047 800 1131 viar,
819 1041 980 1114 silvestria
996 1043 1092 1135 cujus

341 1169 502 1242 Nondum
523 1167 588 1238 tela
606 1189 746 1262 procax,
762 1189 945 1258 arcumque
962 1159 1102 1256 implere
1121 1158 1264 1227 valebas.

342 1295 387 1362 Et
404 1314 494 1359 nunc
509 1286 565 1358 illa
584 1312 675 1358 meas
693 1287 862 1380 ingentem
879 1283 1007 1376 plangit
1025 1280 1068 1350 ad
1082 1305 1157 1349 aras

343 1409 523 1497 Invidiam,
543 1407 725 1501 surdasque
740 1406 844 1494 fores,
860 1418 895 1474 et
911 1404 1027 1474 limina
1041 1400 1151 1470 lassat

344 1533 396 1602 Tu
414 1529 525 1599 dulces
547 1526 661 1614 lituos,
682 1524 875 1620 ululataque
891 1523 1006 1620 proelia
1027 1520 1167 1618 gaudes,

345 1651 453 1739 Felix,
472 1665 506 1719 et
524 1650 650 1718 misere
669 1662 797 1718 tantum
820 1647 968 1741 periture
986 1645 1151 1738 parenti.»

395 1773 449 1842 Ne
467 1785 576 1840 tamen
589 1781 739 1837 extremo
758 1767 881 1834 frustra
897 1765 1069 1835 morientis
1087 1764 1207 1834 honori

348 1889 503 1977 Affuerit,
522 1888 611 1957 venit
634 1889 670 1956 iu
690 1885 816 1956 medios
836 1883 979 1981 caligine
994 1884 1088 1955 fulva

349 2014 449 2105 Septa
468 2008 599 2104 globos,
616 2009 828 2102 primumque
844 2004 932 2076 leves
949 2003 1058 2076 furata
1074 2006 1209 2100 sagittas

350 2129 490 2204 Audacia
506 2145 601 2224 tergo
623 2129 736 2222 pueri,
752 2125 938 2197 caelestibus
954 2124 1071 2221 implet

351 2255 499 2346 Coryton
518 2246 609 2336 telis,
626 2246 769 2343 quorum
785 2250 857 2319 sine
874 2248 1036 2342 sauguine
1052 2248 1183 2318 nullum

351 2371 488 2468 Effugit.
510 2370 686 2442 Ambrosio
707 2384 787 2437 tunc
804 2370 931 2462 spargit
950 2368 1101 2438 membra
1117 2367 1261 2463 liquore,

275 2560 279 2569 ,
353 2493 488 2589 Spargit
505 2515 647 2585 equum,
664 2516 706 2559 ne
724 2515 793 2583 quo
812 2504 992 2559 temeratur
1009 2489 1146 2559 vulnere
1161 2517 1285 2587 corpus

296 2634 300 2645 ’
354 2615 441 2684 Ante
456 2636 588 2700 necem,
605 2625 789 2705 cantusque
805 2636 932 2700 sacros,
950 2627 985 2681 et
1004 2614 1139 2682 conscia
1154 2614 1273 2683 miscet

354 2735 545 2819 Murmura,
566 2733 701 2801 secretis
719 2756 793 2824 quae
808 2728 985 2802 Colchidas
1003 2734 1075 2827 ipsa
1094 2735 1156 2804 sub
1172 2736 1278 2803 antris

358 2852 463 2921 Nocte
478 2850 590 2938 docet,
610 2866 840 2945 monstratque
857 2851 942 2922 feras
958 2854 1182 2946 quaerentibus
1203 2856 1329 2925 herbas.

404 2972 498 3041 Tunc
519 2995 597 3041 vero
613 2986 726 3041 exerto
744 2970 963 3042 circumvolat
980 2973 1098 3068 igneus
1117 3000 1213 3058 arcu,

358 3094 429 3163 Nec
447 3116 481 3160 se
497 3104 609 3161 mente
625 3092 726 3185 regit,
747 3092 879 3185 patriae,
900 3094 1099 3187 matrisque,
1117 3096 1235 3188 suique
1419 3093 1420 3184 l

357 3212 546 3297 Immemor,
564 3224 595 3278 et
617 3210 757 3279 nimium
775 3209 961 3283 coelestibus
980 3215 1087 3283 utitur
1105 3217 1216 3284 armis.

407 3332 457 3399 Ut
475 3330 540 3417 leo,
559 3330 613 3398 cui
631 3354 734 3424 parvo
753 3347 858 3402 muter
874 3329 1019 3423 Gaetula,
1026 3351 1182 3406 cruentos

361 3451 514 3544 Suggerit
534 3450 605 3547 ipsa
624 3450 729 3539 cibos,
747 3477 852 3547 quum
871 3454 1018 3549 primum
1039 3480 1186 3526 creseere
1201 3460 1301 3528 sensit

362 3567 457 3639 Colla
468 3571 577 3664 jubis,
597 3585 779 3665 torvusque
798 3598 902 3643 novos
922 3576 1064 3671 respexit
1079 3576 1122 3646 ad
1140 3602 1285 3674 ungues,

362 3690 563 3785 Indignatur
581 3689 641 3776 ali,
660 3692 860 3789 tandemque
877 3697 1002 3767 affusus
1018 3712 1152 3793 apertos

363 3810 463 3879 Liber
479 3826 567 3881 amat
585 3836 737 3907 campos,
754 3829 787 3883 et
806 3817 910 3887 nescit
928 3816 964 3887 iu
982 3832 1077 3890 antra
1095 3820 1229 3891 reverti.

411 3932 520 4020 Qum,
535 3956 610 4028 nge,
635 3934 813 4005 Parrhasio
831 3939 967 4026 sternis,
982 3965 1068 4035 puer
1092 3942 1257 4038 improbe,
1277 3928 1365 4009 coru?
