2934 4950
249 405 253 412 ’
328 409 386 468 352
703 405 1002 462 ADNOTATIONES

371 528 500 602 Virginro
517 526 594 582 stetit
606 525 722 600 agruim
735 538 773 599 (v.
794 523 872 601 564).
886 523 972 580 Multi
988 523 1070 580 MSS.
1086 541 1094 577 τ
1108 546 1121 573 ι
1134 535 1169 578 st.
1191 525 1222 579 iu
1238 543 1351 599 gregn-
1372 551 1382 572 ·

327 633 357 680 et
369 621 457 678 iidem
469 639 555 678 versu
568 618 643 690 570,
657 618 779 674 iuhoeret
795 637 852 692 pro
865 619 933 673 adh.
952 621 1030 674 Ante
1047 617 1078 672 in
1089 635 1117 671 v.
1138 616 1192 676 561
1209 619 1330 675 Wakef.
1342 621 1387 673 ad

328 717 453 782 lucret,
475 733 521 784 rr,
537 712 610 788 936,
627 711 706 768 malit
720 714 844 778 latente,
860 729 1021 785 perperam.

370 806 506 882 Digitus...
520 803 654 881 Insurgit
667 803 788 858 citizam
797 803 837 880 (v.
854 802 931 880 575).
946 805 1036 860 Recte
1048 804 1163 860 Bertb:
1177 802 1264 859 rudes
1277 817 1311 859 et
1323 823 1384 860 non

328 899 381 974 ita,
396 909 430 956 nt
446 899 583 968 decebat,
597 895 737 954 flexibiles
753 897 933 970 mobilesque
952 905 1032 971 aptat
1053 907 1083 953 et
1101 898 1208 968 mollit,
1222 909 1252 952 et
1271 897 1385 953 dociles

328 991 483 1051 modorum
491 990 738 1048 moderandarum
750 985 853 1047 r'eddit.
869 990 941 1046 Cod.
952 990 1062 1048 Heinsii
1076 1011 1084 1045 ε
1101 1014 1114 1040 ι
1123 993 1246 1048 Inserta!
1258 1010 1282 1046 r„
1298 1015 1313 1041 ι

369 1089 515 1145 Alternum
525 1083 724 1158 reuocarepioe
737 1083 891 1139 Tsieterica
905 1097 1011 1140 manee
1018 1083 1058 1161 (v.
1070 1082 1148 1160 595).
1163 1084 1296 1156 Conjecit
1305 1087 1384 1140 Gro-

329 1199 411 1249 nov„
425 1177 506 1253 quod
520 1175 638 1234 totidem
654 1175 755 1232 litteris
772 1176 925 1232 exhibetur
938 1175 969 1232 in
981 1178 1052 1252 Reg.
1070 1195 1083 1232 1
1100 1196 1107 1231 :
1124 1200 1140 1228 ι
1150 1179 1302 1233 Altrmam
1316 1197 1342 1232 r.
1353 1197 1383 1251 p.

333 1271 490 1328 Trieten'da
503 1289 580 1341 m.,»
594 1268 676 1344 quod
690 1278 767 1324 certe
781 1285 842 1324 nou
855 1267 1053 1326 necessarium.
1068 1268 1111 1325 Cf.
1129 1270 1233 1337 neb,
1252 1287 1279 1324 rr
1288 1312 1299 1340 ‚
1309 1270 1385 1338 661,

332 1363 412 1421 etad
431 1382 478 1434 rx,
497 1363 565 1431 480.
847 1408 853 1416 .

370 1459 441 1514 Fine
461 1459 531 1512 dato
550 1456 587 1532 (r.
603 1453 683 1532 600).
703 1454 911 1522 «Constituto,
925 1473 1013 1529 quem
1032 1473 1118 1511 nemo
1139 1456 1281 1512 mucules
1304 1473 1382 1528 prz-

331 1561 435 1622 tereat,
456 1550 614 1606 termino.»
634 1549 734 1604 Gnoss.
755 1547 876 1604 Pmoed.
900 1566 927 1604 v.
955 1548 1034 1603 Lact.
1056 1551 1165 1604 Auctor
1182 1566 1240 1621 pro
1265 1549 1381 1611 Ductor,
1463 1605 1465 1616 2

330 1642 385 1700 nisi
401 1641 595 1719 impressionis
612 1640 716 1698 vitium
729 1651 781 1699 est.
800 1643 867 1698 Post
891 1639 921 1697 in
941 1661 969 1696 v.
985 1639 1043 1697 don
1062 1642 1134 1718 Reg.
1159 1661 1172 1696 r
1191 1642 1317 1696 :tacrbts
1331 1641 1385 1694 scol
1463 1687 1465 1714 ἶ

332 1737 401 1795 ruit.

372 1831 510 1887 Exemc'ta
519 1831 607 1904 pulsu
619 1825 658 1907 (v.
669 1824 748 1906 662).
765 1825 1003 1885 CoddTolliicd
1010 1831 1127 1894 Aaron,
1135 1845 1166 1901 p.
1177 1825 1233 1902 391
1244 1847 1252 1881 z
1265 1830 1379 1902 plausu.

372 1922 496 1996 Thynos
509 1923 610 1978 iterum
623 1921 756 1976 uibmbat
767 1918 805 1998 (v.
820 1920 899 1996 648).
914 1919 1005 1974 «Non
1017 1919 1133 1985 mmm,
1155 1919 1208 1975 sed
1224 1923 1295 1975 oliui
1310 1920 1379 1977 scri-

332 2015 411 2072 bitur
423 2013 455 2070 in
468 2013 594 2090 antiquis
614 2013 694 2069 libris
707 2011 771 2090 [sed
789 2013 821 2068 in
834 2011 995 2068 Bnrtbianis
1009 2008 1137 2088 tantuml.
1157 2012 1194 2069 Id
1216 2025 1280 2086 est,
1294 2017 1336 2070 ita
1353 2033 1380 2068 sr

332 2107 465 2184 gerebat,
479 2105 563 2181 qussi
575 2105 627 2180 qui
639 2105 698 2178 jam
713 2105 784 2163 olim
797 2105 995 2162 baccharetur.
1007 2129 1021 2156 ι
1033 2106 1145 2161 Bam.
1463 2103 1465 2110 '

377 2200 480 2258 Genuit
495 2219 577 2276 quem
590 2218 614 2255 c.
630 2219 666 2255 m.
681 2198 720 2275 (v.
735 2197 815 2278 650).
832 2217 850 2254 a
863 2200 953 2274 Regg.
969 2217 977 2253 ε
992 2222 1005 2248 ι
1019 2201 1146 2273 genuum
1162 2219 1193 2272 q.
1209 2223 1222 2248 ι

308 2283 311 2296 ’
375 2293 520 2350 Connubia
529 2295 642 2367 perdas
657 2295 768 2348 Funere
781 2290 818 2368 (v.
841 2289 922 2366 659),
938 2293 1083 2365 «Propter
1095 2309 1129 2347 ea
1142 2290 1285 2348 occidaris
1296 2309 1314 2346 a
1329 2309 1376 2347 sr-

331 2387 427 2442 vieute
439 2395 530 2460 patre.
547 2409 559 2436 s
580 2387 680 2442 Gnoss.
696 2383 817 2458 Aliquot
833 2382 919 2440 codd.
935 2403 942 2438 :
956 2384 1079 2458 pendas.

375 2482 412 2536 Et
422 2480 645 2553 multamsocies
660 2476 698 2555 (v.
714 2476 795 2557 ddi).
804 2479 880 2535 Male
894 2476 980 2535 codd.
990 2476 1099 2537 Bartbii
1113 2476 1217 2533 «haud
1227 2479 1377 2533 multan-

333 2591 350 2629 s
371 2576 461 2648 Regg.
476 2572 532 2627 hoc
545 2572 648 2628 ordine
663 2592 670 2627 ε
686 2569 819 2643 etfacies
832 2574 910 2627 mult.

374 2666 408 2719 V.
423 2664 491 2735 674.
506 2664 541 2719 ln
555 2663 641 2721 codd.
657 2673 686 2719 et
704 2674 772 2720 vett.
789 2663 855 2719 edd.
870 2660 936 2719 finis
952 2660 1030 2719 tertii
1043 2660 1119 2717 libri.

723 2854 765 2909 IN
786 2852 934 2910 LIBRUM
954 2852 991 2907 11.

376 3038 536 3091 Innumerae
562 3035 712 3091 mutabant
737 3033 883 3106 Cyclados
904 3052 987 3089 aum
1003 3030 1048 3110 (v.
1073 3033 1116 3109 a).
1136 3034 1181 3088 Sc.
1202 3031 1295 3089 modo
1311 3032 1380 3086 banc
1462 3053 1463 3084 1

334 3128 422 3184 modo
436 3116 512 3183 illurn
524 3127 618 3183 nautis
632 3125 822 3183 ostendentes.
839 3127 1013 3183 -Praeced
1032 3146 1059 3181 v.
1080 3128 1149 3201 Reg.
1169 3144 1182 3181 1
1200 3126 1323 3198 :fir-rur.

379 3220 433 3275 Ubi
444 3222 560 3276 excelsa
575 3220 665 3275 lebant
680 3218 719 3297 (v.
736 3217 773 3293 6).
789 3219 893 3275 Melius
908 3238 924 3274 a
944 3221 1033 3295 Regg.
1051 3238 1059 3273 ι
1080 3239 1117 3275 «e
1131 3220 1211 3274 crisa
1223 3218 1276 3273 lib.
1292 3244 1305 3268 ι

374 3315 522 3369 Accedunt
531 3312 610 3382 jussi
621 3309 661 3391 (v.
681 3310 741 3389 ar).
756 3312 878 3387 Propius
892 3313 1014 3388 adigunt
1033 3330 1144 3369 navem.
1159 3315 1232 3387 Reg.
1251 3332 1263 3367 r
1282 3329 1377 3367 :tace

332 3404 432 3479 juxta,
443 3428 459 3457 s
473 3406 556 3481 quod
573 3406 702 3463 nimium.
716 3438 757 3449 —-
770 3406 818 3463 nd
837 3425 897 3481 seq.
918 3426 945 3462 v.
965 3406 1042 3462 conf.
1067 3425 1094 3475 t,
1116 3406 1184 3465 285.

375 3500 494 3555 Alterno
510 3518 638 3555 sermone
652 3496 913 3574 rerunt(oampum)
926 3498 965 3576 (v.
982 3496 1042 3576 37).
1056 3500 1132 3574 Lege
1146 3517 1184 3555 ex
1196 3500 1261 3566 PR,
1276 3495 1378 3553 omnib.

335 3588 443 3647 Barthii
456 3600 484 3645 et
499 3589 618 3649 Zinzerl.
637 3611 644 3646 :
664 3604 770 3659 terunt,
790 3592 843 3647 viae
863 3592 988 3666 spatium
1001 3591 1104 3648 sensim
1117 3590 1263 3646 minuunt.
1283 3588 1379 3660 Quod,

336 3683 471 3741 audacius
487 3684 553 3740 licet
575 3685 697 3757 dictum,
719 3704 781 3741 non
800 3684 886 3741 video
908 3704 961 3742 our
980 3684 1072 3741 Statio
1092 3682 1287 3757 abjudicetur.
1305 3683 1380 3737 Unus

337 3779 442 3834 alterve
461 3799 467 3832 :
474 3776 575 3849 ferunt
587 3778 605 3834 i.
625 3798 649 3833 e.
671 3779 812 3836 auferunt.

378 3874 449 3927 Haec
469 3884 609 3929 catenant
625 3872 663 3947 (u.
684 3872 742 3947 50).
766 3872 860 3929 Codd.
887 3891 967 3947 paene
987 3890 1086 3929 ornnes
1106 3890 1114 3925 z
1132 3872 1218 3927 «Hoc
1235 3879 1280 3925 sat
1301 3869 1379 3923 erit·

338 3998 377 4010 -
395 3966 476 4036 Post,
489 3984 516 4021 v.
534 3964 586 4037 53,
600 3967 671 4041 Reg.
691 3986 701 4021 1
720 3966 902 4041 :proesatus,·
916 3978 945 4021 et
959 3964 1093 4023 Heinsius
1106 3966 1148 4019 nd
1164 3952 1216 4020 'Sit
1232 3964 1312 4031 teat,
1329 3977 1378 4028 nt,

339 4059 395 4115 613
403 4101 412 4131 ‚
426 4060 538 4115 obtenta
552 4060 675 4133 conjecit
694 4080 749 4135 pro
765 4074 884 4117 ostensa.
1070 4062 1073 4067 ’
