2934 4950
41 419 83 482 (a.
102 417 182 480 231.)
370 409 623 468 ACHILLEIDOS
642 409 758 467 LIBER
778 409 808 466 l.'
1054 411 1110 483 267

44 545 178 614 Litora
199 567 207 610 :
227 535 487 626 monstrat'iter,
506 545 644 634 totoque
663 537 836 608 effulserat
853 539 935 608 orbe

47 665 221 761 Cynthia.
243 664 465 757 Prosequitur
481 659 820 756 divam,·celeresque
841 685 996 731 recursus

49 793 210 860 Securus
227 785 337 882 pelagi
355 786 486 856 Chiron.
501 799 613 880 rogat,
632 783 766 879 udaque
784 784 871 854 celat

46 911 225 998 Lumina,
241 923 276 978 et
293 910 449 1003 abreptos
466 908 578 978 subito
592 907 797 1004 jamjamque
818 907 957 977 latentes

48 1038 182 1104 Erecto
199 1045 392 1127 pruspectat
407 1054 514 1124 equo,
530 1055 600 1125 qua
617 1056 701 1100 cana
721 1055 905 1126 parumper

50 1161 228 1252 Spumant
247 1155 342 1250 signa
361 1153 465 1249 fugae,
481 1167 516 1222 et
537 1153 664 1249 liquido
685 1155 774 1249 perit
790 1154 901 1226 orbita
919 1169 1035 1249 ponto.

51 1277 160 1347 Illum
181 1300 252 1346 non
270 1273 352 1350 alias
369 1277 557 1346 rediturum
575 1273 617 1345 ad
634 1275 793 1346 Thessala
811 1279 939 1373 Tempe

51 1405 131 1471 lam
154 1400 260 1469 tristis
279 1398 425 1487 Pholoe,
443 1400 512 1492 jam
533 1398 670 1470 nubilus
685 1400 825 1495 ingemit
842 1397 984 1496 Othrys,

51 1526 98 1591 Et
116 1521 232 1590 tennis
249 1521 428 1616 Sperchios
446 1523 560 1615 aquis,
578 1520 804 1615 speluncaque
818 1520 910 1593 docti

53 1647 161 1712 Muta
181 1643 270 1712 senis
289 1667 298 1710 z
316 1657 472 1736 quaemnt
492 1639 635 1738 puerilia
650 1645 798 1712 carmina
818 1643 941 1730 Fauni,

55 1769 100 1835 Et
118 1779 255 1861 sperata
271 1764 329 1834 diu
347 1764 483 1861 plorant
499 1765 666 1835 connubia
685 1766 859 1861 Nymphae.

105 1891 186 1966 lam
208 1887 330 1981 premit
345 1901 434 1956 astra
451 1886 538 1972 dies,
555 1885 758 1982 humilisque
772 1911 812 1956 ex
827 1909 961 1982 aequore
976 1888 1075 1958 Titan

57 2012 231 2078 Rorantes
250 2006 374 2078 evolvit
390 2031 512 2102 equos,
531 2022 564 2077 et
579 2009 623 2082 ab
638 2008 761 2078 aethere
777 2033 901 2104 magno

60 2131 243 2201 Sublatum
263 2107 364 2200 cumu
382 2129 522 2225 pelagus
541 2130 631 2200 cadit
650 2157 658 2200 :
679 2146 713 2200 at
732 2131 819 2200 vada
837 2145 946 2201 mater

63 2253 183 2347 Scyria
198 2251 400 2346 jamdudum
418 2252 542 2324 lluctus
560 2277 694 2321 emensa
713 2253 862 2336 tenebat,

61 2377 291 2468 Exierantque
304 2376 387 2469 jugo
404 2372 482 2443 lessi
500 2373 816 2469 Delphines1herili3

63 2500 184 2587 Quum
206 2500 303 2593 pueri
323 2497 515 2569 tremefacta
533 2497 652 2592 quies,
672 2495 830 2590 oculique
844 2497 987 2590 jacentis

63 2622 219 2691 Infusum
239 2646 371 2691 sensere
389 2620 477 2689 diem
487 2648 504 2689 .:
524 2634 638 2715 stupet
655 2644 731 2689 aere
748 2621 875 2716 primo,

65 2744 150 2832 Quae
171 2742 267 2812 local
285 2743 344 2837 qni
362 2741 510 2813 fluctus?
528 2741 584 2811 ubi
603 2739 746 2813 Pelion?
766 2744 880 2811 omnia
897 2766 994 2811 versa

67 2868 179 2959 Atque
195 2866 310 2961 ignota
326 2862 433 2953 videt,
449 2864 648 2959 dubitatque
665 2886 849 2959 agnoscere
864 2879 1016 2934 matrem.

68 2988 223 3081 Occupat
243 2985 433 3071 illamam,
454 2983 644 3080 blandeque
661 2984 762 3057 affata
778 3000 959 3082 paventem
978 3011 986 3054 ε

68 3136 84 3169 α
103 3109 137 3175 Si
156 3108 257 3189 mihi,
279 3131 356 3178 care
373 3132 468 3203 puer,
485 3103 649 3177 thalamos
671 3132 743 3177 sors
760 3132 854 3202 aequa
874 3105 1032 3195 dedisset,

68 3228 163 3317 Quos
181 3228 298 3316 dabat,
315 3228 468 3299 ethereis
483 3254 548 3325 ego
565 3246 596 3299 te
612 3227 788 3325 complexa
806 3244 955 3298 tenerem

71 3351 167 3421 Sidus
184 3350 309 3447 grande
324 3348 450 3447 plagis,
470 3353 650 3447 magnique
669 3376 836 3448 puerpera
855 3349 947 3441 coeli,

70 3471 123 3541 Nil
140 3472 285 3568 humiles
306 3477 444 3560 Parcas,
463 3470 661 3568 terrenaque
681 3473 750 3543 fata
767 3495 910 3544 vererer.

72 3595 169 3665 Nunc
189 3597 300 3691 impar
314 3596 393 3685 tibi,
410 3611 509 3687 nate,
528 3620 646 3692 genus,
669 3594 898 3691 praeclusaque
918 3595 974 3666 leti

72 3716 216 3787 Tantum
236 3732 345 3787 matre
360 3719 413 3788 via
430 3734 479 3789 est
497 3746 505 3788 :
521 3720 603 3815 quin
617 3732 652 3788 et
668 3717 849 3789 metuenda
864 3719 1095 3815 propinquant

74 3838 254 3935 Tempora,
273 3854 307 3910 et
326 3844 483 3912 extremis
500 3841 632 3913 admota
655 3838 804 3936 pericula
822 3840 929 3909 metis.

77 3961 254 4049 Cedamus,
273 3963 478 4059 paulumque
497 3967 625 4033 animos
643 3964 804 4034 submitte
820 3960 952 4047 viriles,

78 4084 179 4177 Atque
201 4085 333 4155 habitus
355 4084 493 4180 dignare
515 4110 607 4155 meos
627 4086 679 4154 :si
700 4084 805 4180 Lydia
824 4083 909 4153 dura
