2934 4950
91 439 163 492 (ass)
426 430 618 486 SILVARUM
637 431 748 486 LIBER
767 432 790 486 t
1094 434 1131 488 23

129 555 207 646 Ipsa
226 553 328 620 etiam
348 567 492 622 cunctos
506 557 616 649 graus
635 555 848 624 inclementia
866 555 932 624 tati·

88 673 230 766 Termit,
251 685 285 741 et
304 673 407 742 subiti
427 700 571 770 praeceps
587 674 736 769 juvenile
754 675 884 770 pericli,

88 791 137 862 Nil
155 807 341 864 cunctante
360 793 460 863 malo.
478 797 554 866 Non
574 794 657 865 illud
676 795 775 891 eulpa
792 811 944 884 senectae,

89 914 239 1009 (Quippe
260 939 301 984 ea
319 915 459 986 bissenis
478 917 533 986 vix
554 916 635 986 dum
655 941 730 988 orsa
749 918 907 988 excedere
926 916 1055 1011 lustris)

88 1033 144 1102 Sed
163 1033 264 1104 labor
280 1035 475 1124 intendens,
495 1037 664 1132 animique
683 1038 718 1107 in
738 1039 887 1107 membra
906 1033 1048 1132 vigentis

88 1157 289 1248 Imperium,
310 1155 490 1252 vigilesque
509 1183 569 1227 suo
589 1183 651 1253 pro
669 1161 798 1228 Caesare
817 1182 934 1246 curae,-

89 1273 190 1342 Dulce
210 1299 309 1369 opus.
331 1277 420 1346 Hinc
438 1278 537 1348 fessos
558 1280 690 1372 penitus
708 1280 873 1372 subrepsit
891 1280 926 1345 in
944 1291 1035 1345 artus

88 1394 247 1467 insidiosa
267 1397 377 1490 quies,
398 1411 431 1466 et
451 1401 546 1494 pigra
564 1396 687 1470 oblivia
706 1401 790 1469 vitae.

27 1479 80 1588 ff
129 1519 228 1584 Tunc
248 1520 358 1606 Deus,
378 1518 495 1614 Alpini
513 1521 571 1613 qui
587 1521 683 1613 juxta
702 1517 850 1589 culmina
868 1517 957 1586 dorsi
985 1554 1034 1567 ·-
1063 1552 1087 1564 -
1110 1556 1124 1567 -
1140 1513 1256 1594 25⁶8*

89 1637 197 1730 Signat
217 1637 399 1733 Apollineo
419 1653 549 1710 sanctos
569 1642 768 1735 cognomine
787 1638 894 1726 lucos,
938 1628 940 1631 ⁵

89 1757 246 1850 Respicit,
267 1758 334 1827 beu
354 1761 438 1828 tanti
459 1759 588 1854 pridem
607 1785 741 1830 securus
759 1758 886 1828 alumni

89 1878 328 1975 Perpessusque
351 1905 461 1950 moras
483 1907 489 1948 :
511 1886 613 1950 «Huc
633 1900 781 1968 mecum,
801 1879 981 1975 Epidauria
1001 1875 1129 1972 proles,

90 1999 170 2086 Huc,
189 1997 267 2068 altis
287 2001 453 2096 gaudene3
473 2000 572 2070 datur
590 2000 813 2096 aggredienda
831 1999 967 2069 facultas

91 2119 257 2212 Ingentem
279 2142 430 2190 recreare
447 2122 556 2190 virum
576 2149 584 2189 ε
606 2135 777 2190 teneamus
795 2119 902 2190 adorti

92 2239 272 2310 Tendentes
287 2243 359 2336 jam
378 2239 433 2309 fila
450 2240 540 2312 colos
559 2269 567 2311 :
588 2268 649 2312 nec
668 2239 818 2310 fulminis
837 2241 901 2308 atri

92 2357 133 2426 Sit
149 2373 274 2448 metus;
295 2362 355 2430 bas
374 2359 463 2432 ultro
484 2361 632 2431 laudabit
651 2364 805 2456 luppiter
824 2374 910 2428 artes
930 2385 938 2426 :

93 2478 168 2548 Nam
187 2506 299 2575 neque
321 2482 500 2577 plebeiam,
519 2497 578 2553 aut
598 2484 715 2553 dextro
736 2485 806 2551 sine
824 2482 962 2549 numine
980 2494 1102 2547 cretam

92 2600 185 2669 Servo
195 2604 362 2690 animam3
376 2618 475 2699 atque
488 2604 587 2693 adeo,
598 2604 755 2688 breviter,
769 2602 850 2670 dum
865 2613 949 2669 tecta
963 2599 1126 2682 subimus,

92 2719 277 2814 hpediam.
299 2725 417 2792 Genus
436 2726 505 2819 ipse
522 2727 605 2811 suis,
625 2724 859 2817 praemissaque
880 2733 970 2789 retro

93 2840 268 2927 Nobilitas3
285 2866 349 2912 nec
370 2845 464 2938 origo
485 2842 580 2931 latet,
600 2843 658 2913 scd
676 2843 751 2912 lnce
770 2853 929 2933 sequente

91 2963 250 3051 Vincitur,
271 2976 304 3031 ct
324 2987 446 3057 magno
466 2963 588 3057 gaudet
607 2965 739 3033 cessisse
758 2962 881 3056 nepoti.

91 3084 194 3152 Prima
211 3098 298 3179 togae
318 3084 449 3151 virtus:
470 3082 526 3152 illa
546 3108 678 3178 quoque
698 3083 822 3168 clarus,
843 3096 876 3150 et
895 3082 1012 3175 ingens

91 3202 224 3298 Eloquio
247 3230 255 3273 :
276 3229 355 3273 mox
373 3206 557 3273 innumeris
574 3204 717 3273 exercita
735 3206 865 3291 castris,

92 3325 264 3413 Occiduas,
279 3327 469 3419 primasque
487 3322 619 3410 domos,
639 3338 673 3393 et
692 3321 762 3393 sole
781 3325 843 3393 sub
863 3322 956 3392 omni

91 3444 273 3514 Promeruit
289 3447 400 3539 jurata
419 3468 552 3531 manus;
571 3470 632 3514 nec
651 3446 687 3513 in
707 3446 774 3514 otia
795 3448 886 3539 pacis

91 3566 286 3635 Permissum
305 3564 417 3635 laxare
436 3567 585 3652 animos,
605 3565 799 3659 ferrumque
817 3565 943 3659 recingi
964 3590 971 3629 :

92 3687 182 3755 Hunc
198 3684 334 3755 Galatia
350 3687 466 3780 vigens
484 3710 563 3755 ausa
582 3700 632 3755 est
650 3687 812 3755 incessere
831 3682 920 3753 bello
940 3711 948 3751 ε

93 3806 184 3875 Hunc
203 3832 335 3901 quoque
357 3830 484 3901 perque
502 3832 623 3875 novem
643 3807 755 3875 timuit
777 3802 972 3899 Pamphylia
991 3826 1130 3885 messes,

94 3926 343 4023 Pannoniusque
361 3928 471 4016 ferox,
490 3952 635 4021 arcuque
654 3926 822 3997 horrenda
844 3926 953 4021 fugaci

96 4048 258 4139 Armenia,
278 4067 310 4120 et
330 4053 460 4145 patiens
479 4052 566 4120 Latii
581 4052 649 4145 jam
671 4052 783 4144 pontis
803 4052 937 4119 Araxes.
