2934 4950
399 360 453 436 196
713 359 931 416 rnnnsmos
954 357 1064 414 tinen
1086 359 1122 416 11.
1346 358 1421 421 (tn,

395 490 434 555 ln
455 484 605 554 medium
623 508 766 555 sonuere
783 483 890 572 diem,
907 482 1032 578 letique
1051 481 1212 552 triformis

395 607 526 676 Ianitor
544 603 707 701 agricolas
724 606 850 700 campis
868 603 1002 674 auditus
1023 603 1144 698 abegit.
1166 652 1170 660 -
1250 687 1254 692 Ι

442 731 514 798 Hac
530 742 565 796 et
582 741 663 799 tunc
679 726 772 795 lusca
791 725 927 795 volucer
943 728 1037 795 Deus
1054 726 1181 796 obsitus
1198 725 1315 795 umbra

395 846 514 918 Exsilit
530 846 573 918 ad
592 851 756 943 Superos,
775 845 972 941 infernaque
992 844 1108 915 nubila
1126 843 1223 915 vultu
1246 891 1251 900 ·

394 970 559 1056 Discutit,
578 985 613 1038 et
627 970 711 1038 vivis
730 967 897 1038 afflatibus
914 962 974 1036 orn
993 981 1137 1037 serenat.-

393 1089 479 1159 lnde
495 1114 556 1184 per
573 1094 774 1177 Arcturum,
791 1088 977 1182 mediaeque
993 1086 1123 1158 silentia
1135 1090 1246 1158 -Lunae
1266 1129 1271 1142 ·

394 1186 483 1280 Arva
503 1209 847 1308 super-,populosque
864 1224 962 1279 meat
984 1212 1093 1306 Sopor
1110 1209 1229 1278 obvius
1249 1206 1297 1278 illi

395 1333 511 1402 Noctis
527 1331 649 1428 agebat
667 1356 788 1426 equos,
806 1328 1025 1427 trepidusque
1043 1332 1187 1424 assurgit
1203 1330 1322 1400 honori

395 1454 571 1542 Numinis,
589 1469 624 1523 ct
639 1468 731 1525 recto
748 1452 882 1523 decedit
898 1450 1003 1522 limite
1019 1450 1112 1522 coeli,

394 1574 538 1659 Inferior
556 1573 646 1644 volat
662 1574 781 1654 umbra
797 1577 887 1663 Deo,
905 1575 1261 1669 praereptaquenoscit
1283 1627 1285 1634 ,

326 1702 330 1710 '
395 1695 530 1784 Sidera,
551 1696 912 1791 principiumquesui3
930 1697 1067 1790 jamque
1081 1696 1185 1768 ardua
1205 1697 1356 1791 Cyrrhae,

394 1814 630 1912 Pollutamquc
649 1842 719 1891 suo
730 1817 902 1912 despectat
920 1816 1208 1900 Phocida.busto.-

442 1941 592 2009 Ventum
608 1954 681 2008 erat
697 1939 740 2008 ad
756 1938 888 2012 Thebas
904 1965 912 2007 :
933 1940 1058 2036 gemuit
1076 1963 1182 2034 prope
1198 1938 1393 2012 liminanati

394 2059 513 2150 Laius,
532 2075 566 2128 et
583 2074 681 2129 notos
700 2074 879 2130 cunctatur
895 2060 1147 2154 inirepenates.
1178 2113 1181 2119 ,

394 2182 443 2252 Ut
458 2204 538 2248 vero
555 2178 691 2249 excelsis
711 2194 841 2250 suamet
856 2181 940 2276 juga
955 2181 1034 2251 nixa
1052 2181 1216 2255 columnis

396 2301 504 2388 Vidit,
521 2317 557 2370 et
572 2300 713 2371 infectos
733 2303 917 2371 etiamnum
938 2302 1101 2398 sanguine
1116 2282 1252 2394 currus,
1280 2351 1284 2366 .

393 2425 492 2491 Paene
510 2436 602 2493 retro
619 2422 773 2493 turbatus
796 2422 886 2511 abit3
907 2423 964 2494 sed
982 2447 1112 2495 summa
1128 2426 1290 2497 Tonantis
1320 2469 1324 2481 ·

394 2547 511 2629 Iussu,
531 2543 589 2613 sed
605 2544 756 2615 Arcadia
772 2546 920 2614 retinent
937 2547 1118 2640 spiramina
1138 2544 1249 2644 virga}

392 2667 436 2733 Et
457 2677 536 2733 tunc
555 2663 642 2734 sorte
658 2664 729 2735 dies
748 2679 828 2741 noto
844 2666 970 2762 signata
989 2670 1150 2739 Tonantis

392 2782 564 2873 Fulmine,
582 2789 741 2881 praerupti
760 2768 864 2881 quum
885 2802 934 2876 te,
951 2804 1046 2859 tener
1059 2793 1295 2888 Evie,.partus

390 2908 619 2979 Transmiserc
639 2910 726 3002 patri
740 2936 748 2977 ε
762 2908 872 3002 Tyriis
891 2933 930 2978 ea
947 2934 1045 2980 causa
1062 2909 1187 2981 colonis
1217 2958 1229 2969 ,‚

392 3031 585 3097 insomnem
601 3028 683 3098 ludo
700 3030 853 3099 certatim
875 3028 1017 3099 educere
1033 3046 1165 3101 noctem
1335 3020 1336 3023 Ἴ

393 3150 567 3235 Suaserat3
585 3146 682 3219 effusi
699 3151 823 3244 passim
843 3166 1023 3247 pertenta,
1041 3176 1233 3249 peragras,
1334 3228 1345 3246 .

393 3272 488 3339 Serta
506 3270 604 3357 inter,
622 3293 813 3365 vacuosque
832 3294 928 3355 mero
943 3286 1087 3342 crateras
1103 3274 1290 3361 anhelum·

390 3389 584 3459 Proflabant
598 3390 661 3461 sub
675 3387 752 3459 luce
766 3392 878 3459 Deum
894 3425 902 3461 z
917 3405 995 3460 tum·
1007 3392 1151 3489 plurima
1166 3396 1292 3489 buxus,
1327 3446 1331 3453 -

391 3514 536 3606 AEraque
553 3512 833 3583 taurinossonitu
852 3511 1019 3583 vincentia
1036 3511 1163 3609 pulsus.

390 3636 467 3728 Ipse
484 3634 584 3703 etiam
604 3630 752 3728 gaudens
769 3656 946 3705 nemorosa
963 3659 1024 3730 per
1041 3637 1115 3707 avia
1130 3663 1225 3709 sanas
1280 3696 1282 3701 .

355 3822 358 3827 .
389 3752 575 3849 Impulerat
593 3768 715 3823 matres
733 3755 865 3824 Baccho
882 3752 1020 3825 meliore
1038 3758 1222 3847 Citheron..

438 3874 560 3966 Qualia
577 3900 639 3970 per
655 3854 980 3971 Rhodopenrapido
995 3880 1155 3965 convivia,
1166 3897 1253 3953 coetu
1294 3930 1298 3939 -

389 3998 556 4086 Bistones,
573 4010 633 4065 aut
651 3996 915 4091 mediaeponunt
933 3996 1142 4070 convallibus
1160 4004 1270 4074 ossa
1303 4052 1309 4059 -
