2934 4950
106 533 139 595 (v-
153 535 225 599 aot-r
414 536 626 593 rnnenoos
648 536 760 592 rinna
781 536 830 590 nr.
1097 542 1153 608 ¹49

107 658 241 754 Tydeos
258 657 314 729 hic
332 663 444 757 magni
465 660 549 731 fidus
568 687 697 749 comes,
715 677 750 731 et
765 658 866 732 modo
884 658 1008 730 frustra

103 779 265 877 Armiger
283 806 290 849 :
309 778 473 876 alipedem
488 806 596 877 prona
612 784 740 853 cervice
754 782 889 852 tenebat

104 902 269 972 Fatorum
287 905 442 999 ignarum
460 903 608 991 domini,
626 893 802 998 solumque
816 903 1009 972 frementem
1095 916 1100 924 '

104 1022 217 1110 Quod
242 1040 352 1115 vacet,
374 1026 475 1118 inque
495 1026 583 1094 acies
601 1024 778 1093 audentior
797 1023 854 1094 ille
874 1023 1053 1119 pedestres.¹

105 1145 208 1213 Hunc
226 1145 483 1241 adspernantem
500 1145 628 1214 tumido
648 1171 736 1215 nova
748 1145 896 1240 pondera
916 1160 1016 1239 tergo
1032 1167 1034 1170 ·

101 1259 235 1355 (Unam
248 1267 378 1361 'quippe
399 1292 536 1336 manum
552 1266 686 1337 domitis
706 1281 863 1360 expertus
883 1265 924 1333 ab
944 1263 1060 1360 annis)

105 1386 277 1481 Corripit,
297 1388 510 1483 affaturque:
527 1388 645 1476 «Quid
664 1412 685 1457 o
702 1412 790 1457 nova
804 1388 897 1482 jussa
916 1411 1065 1474 recusas,

105 1504 228 1575 Infelix
248 1508 403 1603 sonipes?
421 1516 591 1602 nusquam'
605 1509 665 1578 tihi
684 1508 781 1579 dulce
802 1509 936 1604 superbi
1061 1517 1063 1520 ’

106 1627 211 1721 Regis
230 1653 338 1699 onus:
359 1656 426 1698 non
442 1632 512 1724 jarn
532 1629 644 1700 AEtolo
662 1632 824 1699 satiabere
843 1655 983 1723 campo,

107 1748 389 1844 Gaudentemque
403 1751 520 1846 jubam
542 1778 602 1846 per
617 1768 734 1847 stagna
751 1750 909 1820 Acheloia
928 1748 1044 1818 solves.

105 1866 211 1955 Quod
231 1887 398 1972 superest,
420 1897 534 1959 caros,
555 1874 586 1961 i,
608 1869 723 1941 saltem
741 1870 899 1940 ulciscere
916 1894 1046 1957 manes,

106 1995 175 2058 Aut
189 2016 345 2084 sequore3
366 2010 533 2063 extorrem
549 2019 614 2063 neu
632 2008 668 2062 tu
686 2018 821 2087 quoque
839 1991 960 2061 laeseris
977 1990 1129 2060 umbram

106 2112 286 2205 Captivus,
305 2114 535 2209 tumidumque
552 2115 696 2207 equitem
719 2128 794 2208 post
810 2112 921 2208 Tydea
939 2125 1089 2205 portesu

106 2230 268 2322 Audisse,
286 2259 525 2329 accensumque
540 2250 634 2331 putes
650 2262 657 2303 :
674 2236 738 2303 hoc
758 2233 896 2302 fulmine
923 2246 1055 2325 raptum
1160 2264 1165 2271 ·

106 2352 272 2443 Abstulit,
291 2335 325 2423 et
344 2355 467 2425 similes
486 2358 596 2425 minus
614 2355 809 2449 indignatur
823 2353 979 2422 habenas.

154 2476 299 2545 Semifer
317 2480 407 2548 aeria
429 2478 502 2547 talis
524 2479 712 2548 Centaurus
732 2476 775 2546 ah
793 2479 878 2545 Ossa
907 2472 910 2478 Δ
935 2510 938 2515 ⁴

107 2595 228 2666 Desilit
248 2598 281 2665 in
299 2597 423 2669 valles:
440 2601 550 2695 ipsum
568 2623 704 2668 nemora
720 2596 787 2667 alta
804 2584 1021 2680 tremiscunt,
1082 2629 1085 2634 ·

107 2719 254 2812 Campus
274 2743 406 2812 equum.
425 2720 562 2816 Trepidi
577 2745 677 2789 cursu
691 2718 926 2814 'glomerantur
944 2715 1063 2785 anhelo

108 2837 331 2908 Labdacidae:
352 2840 548 2935 premit'ille
568 2865 683 2934 super,
705 2865 766 2908 nec
785 2840 950 2934 opinaque
967 2836 1055 2904 ferro

108 2957 202 3028 Colla
221 2967 348 3030 metens
366 2960 487 3055 linquit
506 2976 639 3030 truncos
658 2977 733 3056 post
753 2959 1029 3054 terga'cadentes.

155 3083 305 3150 Ventum
321 3098 395 3151 erat
411 3083 452 3150 ad
471 3081 610 3150 fluvium
628 3109 637 3150 :
655 3063 755 3150 'solito
774 3079 1002 3174 tuncplenior
1017 3076 1128 3167 alveo,

109 3201 212 3296 Signa
230 3201 329 3290 mali,
348 3228 469 3296 magna
486 3228 520 3272 se
537 3202 625 3271 mole
645 3206 794 3270 Ismenos
815 3201 944 3296 agebat.
1030 3227 1033 3231 ·

108 3320 166 3390 Illa
186 3322 299 3394 brevis
317 3327 465 3417 requies3
485 3322 544 3393 illo
562 3323 678 3391 timida
693 3325 831 3418 'agmina'
848 3321 967 3390 lassam

108 3445 158 3511 De
172 3446 298 3539 campis
316 3471 412 3542 egere
431 3447 543 3542 fugam
565 3473 573 3513 :
593 3459 705 3539 stupet
720 3443 853 3526 hospita
872 3442 949 3512 helli

108 3564 208 3635 Unda
225 3567 334 3652 viros,
356 3567 512 3662 claraque
533 3581 703 3636 armorum
722 3565 913 3634 incenditur
934 3565 1062 3633 umbra.

109 3685 270 3756 Insiluere
286 3687 380 3757 vadis
399 3716 407 3757 ε
427 3661 615 3783 magnoque
632 3687 765 3782 fragore
783 3685 911 3754 solutus
1025 3691 1028 3696 ’

109 3807 231 3901 Agger,
246 3823 280 3878 et
297 3809 441 3879 adversae
459 3809 629 3881 latuerunt
646 3807 782 3905 pulvere
795 3810 888 3900 ripae.

110 3925 167 3997 Ille
185 3954 318 4024 quoque
338 3931 474 4002 hostiles
493 3933 577 4002 saltu
593 3934 719 4026 majore
733 3956 793 4026 per
810 3929 918 3999 undas

110 4047 212 4119 lrruit
229 4053 379 4121 attonitis
398 4053 555 4150 (longum
574 4053 742 4123 dimittere
760 4053 946 4150 habenas),

111 4167 198 4242 Sicut
217 4187 306 4252 erat.
328 4189 457 4244 tautum
474 4176 572 4244 viridi
592 4175 701 4246 defixa
721 4198 904 4272 parumper
947 4194 949 4197 ·
