2934 4950
88 398 121 456 (v.
136 399 207 457 74⁵·l
391 386 605 455 THEBAIDOS
627 398 738 456 LIBER
760 400 838 454 vul.
1080 404 1130 463 ¹4¹

87 527 209 610 Arcas,
228 537 261 621 et
278 523 439 619 Argolicae
456 526 613 618 Capaneu
630 526 700 617 jam
718 525 861 592 maxime
878 537 1005 591 turmae.
1016 552 1033 585 »

138 645 229 712 Moti
245 668 360 712 omnes
378 670 386 711 :
405 644 462 712 sed
478 645 605 739 primus
625 644 709 731 abit,
725 646 920 738 primusque
936 656 1106 735 repertum

89 762 274 832 Astaciden
292 763 400 833 medio
416 748 628 857 Capaneus'e
645 762 782 858 pulvere
799 760 886 830 tollit

88 884 300 976 spirantem,
322 881 469 978 laevaque
486 908 585 978 super
602 886 729 953 cervice
747 896 897 978 reportat

87 1006 199 1097 Terga
219 1002 448 1073 cruentantem
464 1006 615 1073 concussi
630 1000 778 1072 vulneris
798 1000 898 1072 unda.

88 1121 213 1211 Qualis
232 1125 274 1193 ab
294 1123 437 1195 Arcadio
457 1123 556 1193 rediit
571 1124 766 1219 Tirynthius
782 1138 896 1209 antro,

89 1246 342 1339 Captivumque
363 1268 457 1313 suem
475 1238 696 1313 clamantibus
713 1240 829 1310 intulit
843 1241 953 1336 Argis.

140 1364 297 1458 Erigitur
312 1363 458 1461 Tydeus,
475 1362 636 1457 uultuque
653 1363 817 1448 occurrit,
835 1375 870 1430 et
885 1382 999 1429 amens

90 1484 309 1577 Laetitiaque,
328 1486 459 1577 iraque,
480 1498 518 1552 ut
536 1481 752 1578 singultantia
770 1480 855 1551 vidit

92 1604 185 1689 Ora,
204 1604 357 1697 trahique
372 1602 504 1691 oculos,
525 1584 663 1697 seseque
678 1603 815 1697 agnovit
835 1603 870 1669 in
886 1599 963 1669 illo:

91 1727 245 1820 Imperat
260 1724 424 1793 abscisum
443 1726 561 1820 porgi,
579 1722 725 1819 laevaque
741 1737 910 1818 receptum

93 1849 234 1938 Spectat
251 1860 346 1913 atron
360 1844 482 1915 hostile
500 1860 618 1939 eaput,
638 1843 812 1940 gliscitque
825 1846 968 1937 tepentis

94 1968 246 2037 Lumina
259 1980 355 2035 torva
370 1966 507 2057 videns,
517 1981 549 2035 et
566 1965 676 2034 adhuc
695 1963 882 2035 dubitantia
899 1962 965 2058 figi.

143 2084 265 2155 Infelix
283 2100 458 2155 contentus
478 2101 570 2155 erat:
587 2084 662 2182 plus
681 2087 785 2179 exigit
800 2083 902 2153 ultrix

93 2205 281 2301 Tisiphone
296 2231 305 2273 :
320 2206 456 2299 jamque
471 2206 591 2274 inflexo
606 2206 758 2274 Tritonia
776 2220 871 2298 patre

95 2328 263 2412 Venerat,
282 2340 315 2394 et
328 2328 448 2395 misero
468 2324 569 2421 decus
582 2323 767 2395 immortale
784 2324 925 2411 ferebat3

95 2450 208 2541 Atque
225 2428 319 2516 illum
338 2445 465 2516 effracti
481 2446 651 2542 perfusum
669 2446 746 2515 tabe
764 2446 891 2515 cerebri

96 2567 319 2662 Adspicit,et
334 2569 410 2636 vivo
429 2565 643 2636 scelerantem
660 2567 821 2660 sanguine
838 2565 960 2635 fauces.

97 2691 170 2760 Nec
188 2689 324 2756 comites
344 2687 473 2756 auferre
494 2685 628 2773 valent:
648 2683 738 2754 stetit
755 2710 871 2780 aspera
886 2688 1003 2780 Gorgo

99 2807 257 2879 Crinibus
276 2809 421 2892 emissis,
435 2808 581 2900 rectique
599 2821 676 2875 ante
694 2831 754 2876 ora
770 2819 907 2875 cerasta

99 2926 263 2997 velavere
279 2931 384 2998 Deam
399 2953 407 2994 :
430 2927 517 3022 fugit
532 2940 684 2996 aversata
699 2927 895 3026 jacentem,¹

99 3050 171 3120 Nec
182 3050 276 3141 prius
296 3061 384 3116 astra
401 3046 505 3134 subit,
524 3071 624 3140 quam
644 3047 782 3140 mystica
797 3045 935 3140 lampas,
949 3061 982 3114 et
1000 3047 1115 3115 insons

100 3167 213 3240 Ilissos
233 3166 337 3236 multa
356 3167 512 3261 purgavit
529 3165 656 3234 lumina
672 3165 816 3262 lympha.
1063 3149 1066 3163 ⁵
