2934 4950
59 393 86 451 (v.
100 358 168 459 ιἰε.)
364 391 577 449 umnamos
599 346 708 447 suna
729 389 790 445 vn.
1059 384 1097 461 9³

103 516 242 586 Viderat
261 516 414 584 Inachias
429 514 583 610 rapidum
600 515 785 609 glomerare
802 515 954 585 cohortes

59 638 205 707 Bacchus
219 638 301 723 iter3
321 636 447 730 gemuit
461 636 595 729 Tyriam
613 660 791 729 conversus
805 634 848 704 ad
863 636 999 723 urbem,

59 760 280 853 Altricemque
299 757 454 845 domum,
471 772 504 826 et
522 758 647 851 patrios
667 758 891 827 reminiscitur
909 758 1019 856 ignes,

59 886 266 975 Purpureum
284 880 370 947 tristi
389 877 541 947 turbatus
559 892 694 974 pectora
712 876 862 965 vultum3
903 861 911 870 ⁴

59 1004 134 1073 Non
153 1002 280 1088 crines,
300 1024 368 1068 non
389 1014 475 1068 serta
491 998 583 1086 loeo;
603 998 819 1093 dextramque
835 998 984 1092 reliquit

58 1122 221 1215 Thyrsus,
241 1134 276 1188 et
292 1122 424 1189 intactae
441 1117 631 1188 ceciderunt
650 1120 807 1188 cornibus
821 1144 903 1188 uvae.

50 1242 147 1337 'Ergo
164 1257 202 1311 ut
219 1256 294 1310 erat
307 1239 460 1334 lacrymis
478 1238 637 1333 lapsoque
655 1240 840 1309 inhonorus
859 1242 1000 1337 amictu,

60 1370 142 1433 Ante
160 1367 277 1432 Jovem
292 1362 340 1459 (et
356 1376 436 1429 tunc
455 1361 541 1430 forte
555 1362 669 1455 polum
688 1377 832 1430 secretus
850 1357 1011 1454 habebat)

60 1486 230 1573 Constitit,
247 1483 338 1553 haud
356 1506 505 1578 unquam
523 1483 608 1553 facie
624 1499 822 1578 conspectus
840 1484 874 1551 in
892 1480 986 1568 illas

62 1608 130 1675 Nec
147 1631 254 1675 causae
272 1603 398 1674 latuere
417 1621 563 1699 patrem,
582 1604 788 1699 supplexque
808 1603 978 1701 profatur:

110 1725 353 1795 «Exscindisne
374 1740 462 1813 tuas,
482 1727 606 1795 Divum
623 1741 715 1796 sator
729 1727 871 1819 optime,
885 1724 1038 1794 Thebas?

62 1852 154 1917 Saeva
173 1846 257 1916 adeo
276 1846 419 1940 conjux?
439 1862 549 1917 necte
568 1845 695 1916 telluris
713 1862 843 1934 amata,

63 1970 266 2064 Deceptique
282 1965 362 2037 laris
381 1970 530 2055 miseret,
549 1968 766 2062 cinerumque
782 1968 953 2057 meorum?

65 2096 160 2178 Esto,
178 2088 258 2159 olim
277 2090 417 2159 invitum
430 2088 594 2182 jaculatus
610 2091 754 2159 nubibus
772 2092 900 2189 ignem,

65 2212 260 2281 Credimus:
278 2236 320 2280 en
341 2213 462 2279 iterum
481 2226 553 2279 atra
572 2210 674 2281 refers
694 2210 846 2280 incendia
867 2213 980 2297 terris,

64 2338 133 2405 Nec
147 2336 247 2429 Styge
260 2334 389 2425 jurata,
409 2357 470 2401 nec
487 2308 612 2428 pellicis
630 2348 701 2403 arte
719 2347 868 2427 rogatus.

64 2456 146 2545 Quis
166 2450 306 2523 modus?
323 2478 365 2522 an
385 2452 481 2522 nobis
501 2468 594 2547 pater
611 2454 782 2546 iratusque
794 2452 968 2547 bonusque

66 2576 199 2646 Fulmen
215 2573 337 2644 habes?
356 2572 500 2662 sednon
519 2575 668 2644 Danaeia
686 2572 801 2643 limina
818 2573 909 2663 talis,

65 2696 339 2790 Parrhasiumque
354 2720 487 2782 nemus,
508 2693 707 2788 Ledaeasque
724 2695 788 2764 ibis
808 2693 970 2789 Amyclas.
1031 2773 1038 2781 ¹

67 2817 193 2888 Scilicet
208 2842 227 2887 e
244 2817 373 2886 cunctis
392 2841 454 2912 ego
472 2814 712 2911 neglectissima
730 2817 816 2886 natis

67 2937 261 3035 Progenies?
274 2933 339 3033 'ego
357 2955 474 3032 nempe
493 2953 605 3006 tamen
623 2941 681 3032 qui
701 2937 797 3008 dulce
814 2938 931 3008 ferenti
1019 3027 1023 3032 ‚

30 3085 32 3090 ’
67 3061 197 3129 Pondus
216 3084 330 3128 eram:
349 3061 404 3145 ¹cui
421 3074 457 3127 tu
474 3058 630 3154 dignatus
647 3057 764 3130 limina
778 3062 854 3128 vitae
891 3115 899 3128 .

69 3173 334 3276 Praereptumque
352 3181 425 3268 iter,
445 3194 478 3248 et
494 3195 660 3250 maternos
678 3178 817 3250 reddere
830 3203 968 3250 menses.

69 3301 175 3387 Adde,
193 3300 284 3395 quod
301 3297 460 3386 imbellis,
478 3303 627 3394 rarisque
644 3303 788 3372 exercita
807 3303 923 3372 castris

70 3423 176 3491 Turba
191 3447 280 3491 meas
298 3423 399 3512 acies,
418 3446 492 3490 mea
511 3437 641 3492 tantum
657 3422 774 3517 proelia
789 3409 946 3510 norunt‚'

71 3545 202 3613 Nectere
217 3541 336 3632 fronde
354 3568 480 3632 comas,
498 3543 591 3612 etad
610 3545 771 3637 inspirata
788 3544 893 3614 rotari

72 3665 178 3752 Bura,
195 3667 312 3734 timent
331 3663 462 3758 thyrsos
480 3679 676 3759 nuptarum,
697 3680 730 3733 et
748 3663 866 3759 proelia
884 3678 1039 3732 matrum.

74 3783 166 3853 Unde
184 3785 282 3854 tubas
295 3786 505 3880 Martemque
524 3784 613 3882 pati?
630 3788 711 3880 quin
730 3784 876 3854 fervidus
892 3808 967 3853 eece

26 3891 29 3895 ’
75 3901 201 3990 Quanta
222 3907 339 4000 parat?
358 3908 439 4001 quid
458 3911 485 3977 si
506 3907 561 3978 ille
578 3923 653 3977 tuos
673 3907 811 3978 Curetas
831 3907 866 3974 in
881 3929 974 3974 arma

74 4023 198 4096 Ducat?
216 4042 250 4128 et
268 4029 420 4098 innocuis
435 4029 551 4122 jubeat
566 4028 742 4098 decernere
757 4026 871 4122 peltis?
