2934 4950
323 507 356 543 η
682 489 711 541 r.
735 485 856 542 runnu
878 483 1000 538 sanan
1265 491 1295 545 p.
1306 489 1369 542 1⁴0.)

319 617 425 706 Inque
444 615 550 681 vicem
570 613 712 705 tepuisse
729 612 843 678 viro.»
859 609 913 678 Sic
931 608 1011 695 lata,
1033 603 1155 674 levavit

320 733 472 803 Sidereos
489 747 600 819 artus,
613 729 816 823 thalamique
831 752 960 822 egressa
980 724 1160 821 superbum

319 853 456 941 Limen,
473 851 656 946 Amyclaeos
675 849 718 919 ad
736 841 830 918 frena
844 848 959 916 citavit
974 845 1092 916 olores.

319 977 338 1043 J
340 975 435 1069 ungit
451 976 568 1059 Amor,
585 970 760 1064 laetamque
779 968 904 1036 vehens
921 991 982 1062 per
1000 963 1115 1033 nubila
1132 977 1273 1032 matrem

319 1094 496 1161 Gemmato
516 1105 648 1160 temone
664 1089 765 1160 sedet.
786 1093 860 1159 Jam
876 1086 1020 1157 Tibridis
1036 1109 1127 1154 arces

320 1208 428 1280 Iliacae
446 1237 454 1280 τ
476 1212 593 1305 pandit
614 1210 736 1280 nitidos
751 1213 866 1279 Venus
882 1207 970 1276 alma
988 1210 1152 1291 Penates,
1177 1235 1255 1258 ν*

320 1329 485 1426 Claraque
504 1330 684 1427 gaudentes
701 1329 896 1425 plauserunt
911 1327 1028 1396 limina
1042 1326 1147 1420 cycni.

366 1453 479 1546 Digna
496 1450 565 1522 deae
581 1451 692 1538 sedes,
709 1448 822 1518 nitidis
839 1475 900 1518 nec
918 1447 1030 1516 sordet
1048 1445 1090 1514 ab
1108 1446 1213 1514 astris.

320 1571 382 1638 Hic
397 1572 540 1665 Libycus
554 1571 783 1666 Phrygiusque
799 1567 893 1657 silex,
909 1568 965 1636 hie
984 1565 1068 1636 dura
1087 1568 1259 1635 Laeonum

320 1694 404 1761 Saxa
420 1691 531 1759 virent
547 1717 555 1760 ε
573 1691 628 1760 lrie
646 1689 750 1759 flexus
765 1713 872 1782 onyx,
889 1702 922 1756 et
939 1684 1095 1756 concolor
1111 1683 1179 1754 alto

318 1813 415 1882 Vena
431 1813 516 1879 mari
534 1834 698 1904 rupesque
714 1811 836 1895 nitent,
852 1807 926 1902 quis
942 1801 1091 1901 purpura
1110 1830 1196 1899 saepe

319 1928 457 1999 OEbalis
476 1945 509 2000 et
526 1931 617 2025 Tyrii
636 1928 826 1998 moderator
844 1924 924 1996 livet
942 1927 1050 1995 aheni.

318 2048 470 2118 Pendent
486 2051 669 2119 innumeris
685 2050 815 2144 fastigia
834 2049 913 2117 nixa
929 2046 1108 2132 columnis;

319 2169 451 2240 Robora
470 2169 658 2240 Dalmatico
676 2169 789 2239 lucent
809 2169 925 2237 satiata
942 2166 1085 2236 metallo.

319 2289 510 2360 Excludunt
526 2291 635 2360 radios
653 2289 744 2359 silvis
763 2290 897 2360 decussa
913 2291 1052 2359 vetustis

318 2412 345 2478 F
346 2412 472 2506 rigora3
490 2412 656 2506 perspicui
675 2413 794 2480 vivunt
811 2411 846 2479 in
862 2434 1028 2481 marmore
1046 2408 1162 2478 sontes.

320 2532 391 2601 Nec
408 2545 517 2599 servat
536 2534 665 2603 Natura
685 2531 797 2601 vices:
815 2529 870 2601 hic
886 2534 990 2601 Sirius
1006 2528 1109 2625 alget,

319 2654 443 2719 Bruma
460 2665 565 2745 tepet,
585 2676 785 2746 versumque
801 2651 918 2724 domus
934 2651 995 2721 sibi
1012 2661 1173 2744 temperat
1185 2672 1321 2715 annum.

289 2748 308 2824 l
318 2768 471 2839 Exsultat
489 2772 583 2859 visu,
604 2773 763 2864 tectisque
778 2773 923 2866 potentis
942 2770 1083 2840 alumnae

319 2890 399 2959 Non
414 2915 506 2959 secus
522 2889 609 2959 alma
624 2894 755 2978 Venus,
771 2916 872 2984 quam
884 2890 1063 2984 siPaphon
1076 2912 1207 2982 aequore
1221 2888 1262 2954 ab
1276 2884 1367 2973 alto,

319 3006 480 3078 Idaliasve
500 3008 616 3078 domos
633 3011 818 3104 Erycinave
836 3008 959 3102 templa
976 3009 1110 3077 subiret.

365 3132 460 3198 Tune
477 3130 582 3223 ipsam
598 3128 668 3199 solo
685 3128 843 3198 reclinem
863 3128 963 3198 affata
978 3125 1078 3197 cubili
1096 3152 1104 3194 ε

320 3276 336 3311 «
348 3249 506 3337 Quonam
522 3248 576 3317 hic
592 3273 696 3344 usque
714 3274 814 3342 sopor
829 3249 991 3342 vacuique
1008 3245 1169 3316 modestia
1185 3246 1278 3333 lecti,

320 3370 351 3435 Ο
369 3367 452 3436 mihi
468 3370 651 3438 Laurentes
670 3371 759 3438 inter
775 3367 896 3437 dilecta
914 3366 1065 3462 puellas?

318 3490 403 3578 Quis
419 3513 571 3574 morum,
590 3489 732 3585 fideique
750 3488 894 3558 modus?
909 3492 1136 3583 Nunquamne
1153 3487 1241 3557 virili

319 3607 518 3678 Submittere
531 3608 638 3705 jugo?
655 3611 777 3680 Veniet
790 3613 860 3704 jam
877 3611 1002 3679 tristior
1018 3624 1105 3679 aetas.

318 3730 442 3796 Enerce
457 3729 613 3816 formam,
632 3744 665 3799 et
683 3729 886 3825 firgientibus
902 3745 996 3799 utere
1011 3729 1117 3798 donis.

318 3848 397 3914 Non
414 3846 488 3916 ideo
505 3848 564 3918 tibi
583 3848 647 3918 tale
662 3850 781 3939 decus,
797 3848 973 3944 vultusque
988 3850 1185 3944 superbos,

318 3968 439 4059 Meque
459 3968 551 4058 dedi,
570 3969 687 4039 viduos
706 3986 743 4039 ut
761 3972 985 4040 transmittare
1001 3996 1062 4064 per
1076 3994 1181 4038 annos

317 4088 388 4159 Ceu
405 4113 474 4158 non
492 4115 568 4160 cara
586 4092 677 4161 mihi.
695 4092 796 4179 Satis,
814 4118 849 4180 o,
867 4094 1090 4185 nimiumque,
1107 4093 1233 4185 priores
