2934 4950
371 403 422 462 til.
672 418 675 422 ·
728 401 759 451 Ρ.
780 395 905 452 PUBLII
925 397 1049 452 STATII

366 516 1352 549 ΜΜἎΜὩΜΜΜΜΜΜΜΊἫἎΜΜΜἈἎ·
1372 527 1416 548 ΙΝ

859 803 912 888 ΙΙ.

524 1109 870 1178 PROTREPTICON
898 1111 959 1177 AD
985 1111 1245 1182 CRISPINUM.

812 1447 972 1465 βα...-

414 1725 517 1807 Runn
537 1723 630 1805 meis
648 1735 822 1830 Tyrrhena
842 1735 941 1830 petit,
953 1733 1130 1830 -saltusque
1151 1739 1284 1831 Tagetis

365 1861 541 1954 Crispinus
560 1882 648 1926 :nec
669 1857 770 1953 longa
789 1881 883 1926 mora
903 1872 968 1942 est,
986 1872 1045 1926 aut
1064 1859 1138 1927 avia
1160 1857 1273 1946 tellus;

365 1979 430 2052 Sed
450 2005 523 2050 mea
544 1991 672 2050 secreto
692 1976 864 2047 velluntur
884 1991 1019 2072 pectora
1039 2003 1168 2066 morsu,

364 2103 507 2196 Udaque
527 2115 699 2196 turgentes
720 2097 897 2194 impellunt
917 2097 1044 2168 lumina
1066 2115 1195 2195 guttae,

365 2226 437 2294 Geu
452 2247 553 2316 super
568 2224 694 2317 AEgaees
708 2221 834 2289 hiemes
851 2220 1004 2290 abeuntis
1022 2222 1120 2290 amici

363 2343 450 2413 Vela
470 2367 605 2439 sequar,
625 2357 840 2436 spectemque
860 2356 967 2411 ratem
985 2341 1055 2438 jam
1074 2341 1179 2412 fessus
1199 2345 1241 2413 ab
1263 2344 1344 2415 altis

364 2462 534 2561 Rupibus,
554 2480 656 2560 atque
673 2461 787 2535 oculos
807 2461 909 2561 longo
927 2488 1049 2559 querar
1069 2490 1145 2535 aere
1165 2466 1264 2537 vinci.

413 2585 517 2676 Quod
536 2589 564 2657 si
583 2585 710 2655 militiae
727 2586 798 2681 jam
819 2601 866 2675 te,
885 2610 969 2681 puer
989 2584 1125 2681 inclyte,
1145 2588 1262 2681 primae

365 2693 464 2779 Clara
486 2707 692 2796 rudimenta,
711 2702 746 2776 et
764 2721 950 2776 castrorum
971 2705 1069 2776 dulce
1088 2726 1224 2778 vocaret

364 2830 574 2924 Auspicium,
593 2843 720 2923 quanto
738 2842 914 2897 manarent
934 2827 1056 2924 gaudia
1078 2827 1174 2919 fletu,

365 2952 502 3040 Quosve
519 2950 633 3019 darem
649 2946 837 3043 amplexus!
858 2950 1002 3018 etiamne
1019 2949 1165 3045 optanda
1181 2951 1411 3049 propinquant

364 3070 505 3141 Tristia?
524 3076 567 3141 Et
588 3086 726 3143 octonos
748 3070 799 3140 bis
816 3070 885 3166 jam
908 3071 970 3139 tibi
988 3072 1106 3140 circuit
1125 3072 1221 3141 orbes

363 3194 457 3281 Vita3
478 3192 537 3263 sed
557 3190 706 3288 angustis
726 3192 858 3261 animus
880 3192 1048 3261 robustior
1069 3194 1179 3283 annis,

366 3316 630 3409 Succumbitque
645 3314 755 3401 oneri,
771 3327 804 3382 et
821 3328 968 3383 mentem
984 3338 1044 3383 sua
1059 3339 1129 3384 non
1144 3316 1233 3409 capit
1248 3329 1338 3387 aetas.

412 3438 484 3507 Nec
502 3436 626 3505 mirum
643 3460 652 3503 τ
669 3460 738 3504 non
756 3448 789 3506 te
807 3436 907 3504 series
927 3435 1092 3505 inhonora
1108 3450 1288 3529 parentum

241 3568 246 3576 ’
365 3558 553 3629 Obscurum
573 3557 723 3651 proavis,
746 3571 780 3624 et
801 3556 916 3650 priscae
936 3552 1020 3624 lucis
1041 3570 1209 3652 egentem,

364 3676 497 3748 Plebeia
514 3676 556 3748 de
574 3678 679 3771 stirpe
696 3674 799 3747 tulit:
820 3702 889 3748 uon
906 3676 1067 3772 sanguine
1084 3691 1195 3746 cretus

364 3795 528 3886 Turmeli‚
547 3798 726 3892 trabeaque
748 3798 861 3885 Remi;
880 3820 941 3866 nec
958 3821 1105 3892 paupere
1120 3797 1215 3867 clavo

363 3924 548 4014 Augustam
565 3918 677 3989 sedem
693 3934 727 3988 et
747 3920 835 3988 Latii
852 3918 1021 4012 penetrale
1038 3933 1172 3989 senatus

367 4038 500 4109 Aduena
521 4039 680 4134 pulsasti;
700 4038 760 4109 sed
780 4038 989 4133 precedente
1009 4053 1145 4109 tuorum
