2934 4950
283 446 324 500 lN
345 447 375 500 P.
399 447 429 502 P¹
451 448 580 503 stum
600 448 695 503 SlLV.
716 449 785 504 LIB.
806 450 841 504 V.
1028 449 1083 506 283

54 561 167 634 nune,
175 562 218 620 ita
230 569 396 636 atqueaeque
409 562 515 620 cohors
526 581 596 619 snos
604 564 717 637 equites
729 563 858 620 heberet
872 564 916 620 Eo
929 581 999 622 vero
1013 577 1086 622 tem-

54 673 113 728 pore
130 655 264 711 cohortes
283 653 401 729 singule
417 653 579 729 legionariae
602 655 712 730 equites
723 656 853 712 habuere
871 655 1023 729 adjunctos
1042 660 1085 714 le-

53 746 181 820 gionarios
193 757 311 804 centum
326 757 355 803 et
367 746 470 822 viginti
482 745 553 824 [vel,
566 757 600 803 ut
611 747 688 804 idem
696 749 764 804 elias
780 749 956 822 accuratius,
973 761 1087 808 centum

55 839 155 916 tiginta
172 838 267 916 duos}
286 841 409 896 Centum
425 858 496 896 vero
515 841 645 897 rotundo
666 859 789 897 numero
809 841 882 898 dixit
899 841 957 912 St,
974 842 1087 919 dequo

56 949 143 1004 genem
159 931 302 1007 loquendi
317 951 345 987 v,
364 931 635 988 ibtioxov1n1.·

83 1038 140 1094 Nec
149 1051 247 1095 tamen
260 1037 307 1094 hic
319 1051 432 1096 mutata
448 1039 529 1114 quies
548 1036 588 1116 (v.
605 1037 680 1116 117).
699 1039 772 1096 eod.
791 1040 879 1097 Paris.
894 1061 901 1096 :
920 1043 1000 1112 Ιιὶησ,
1019 1041 1085 1100 fort.

53 1149 115 1188 vere.

83 1225 112 1280 Si
119 1239 217 1282 caena
227 1227 333 1284 darem
342 1223 381 1304 (v.
400 1221 475 1302 130).
491 1225 521 1282 Si
534 1225 582 1282 lex
594 1234 754 1284 castrorum
771 1227 949 1301 permitteret
967 1227 1085 1288 feminas

54 1334 100 1371 esse
115 1317 233 1375 comites
249 1318 395 1389 virorum
411 1317 464 1374 sed
484 1337 545 1374 non
560 1317 752 1392 pennittebat
772 1318 847 1376 Vide
867 1321 984 1376 ΜΛιιι.
1006 1319 1087 1378 Idem

53 1408 136 1479 paullo
152 1421 223 1484 post
239 1411 338 1468 divina
354 1413 413 1468 tela
429 1410 591 1466 mmmm
603 1410 678 1466 bene
692 1411 828 1484 explicet,
842 1412 898 1468 tela
910 1423 1086 1486 praetenten-

53 1509 110 1570 tem,
121 1513 276 1578 antequam
289 1503 321 1560 in
337 1503 468 1562 dextram
480 1503 638 1566 Domitiani
649 1503 776 1560 traderet
789 1503 825 1560 ab
844 1503 908 1578 ipso
928 1504 1085 1574 vibranda,

52 1602 78 1646 ut
92 1593 207 1668 quidun
218 1597 298 1654 nulla
316 1597 371 1654 nisi
384 1616 414 1654 se
429 1596 531 1672 digna,
545 1596 680 1672 graviuet
691 1596 874 1670 ponderose,
891 1597 1056 1670 projiceret.
1133 1581 1139 1590 ’

86 1699 158 1756 Velis
170 1703 323 1759 aelembe'lat
336 1724 409 1759 aura
425 1701 464 1781 (v.
483 1699 558 1780 149).
578 1702 677 1758 Nubes
692 1702 796 1779 adigit,
815 1713 942 1782 ventueae
955 1705 1087 1778 procelle

52 1793 165 1864 nunties,
181 1797 352 1853 antecedens
369 1815 425 1871 pro
434 1806 641 1870 consequente.
656 1795 759 1850 Marii.
774 1795 853 1852 malit
867 1796 1013 1863 obsibilat,
1030 1798 1087 1853 ob·
1148 1801 1169 1814 ⁸

52 1888 153 1961 strepit,
167 1901 204 1946 ut
221 1890 329 1949 Ovidio
347 1891 455 1946 Boreas
467 1889 660 1945 obmurmurat
670 1889 820 1966 peece'bu55
836 1890 882 1945 vel
902 1900 978 1946 certe
997 1891 1086 1946 obnu-

53 1980 117 2037 telae.

83 2087 200 2144 ltoeaeeos
210 2088 382 2163 Quodpnbr
392 2088 479 2163 exegi
485 2083 524 2164 (v.
542 2087 594 2144 181
612 2084 675 2165 sq.).
691 2089 841 2163 Distingue
854 2087 913 2144 haec
926 2106 992 2144 cum
1004 2091 1086 2145 Mar-

52 2177 142 2236 llendo
160 2201 168 2237 :
184 2193 330 2236 ..moestos
355 2177 412 2258 (vel
427 2181 537 2248 emti,
557 2179 699 2258 conjugis)
720 2183 806 2253 Quod
831 2183 913 2256 prior
933 2177 1086 2260 (linquo):

54 2275 139 2347 exegi,
158 2284 215 2330 etc.
237 2276 332 2330 Versu
346 2293 389 2349 sq.
406 2273 472 2330 cod.
492 2273 614 2350 lihedig.
631 2274 753 2330 melius:
773 2274 856 2330 «vidi
876 2275 955 2331 omni
975 2275 1086 2350 pridem

55 2373 76 2417 le
88 2363 192 2437 ἦκ’»
205 2366 268 2422 sine
285 2367 323 2421 in.
699 2357 706 2364 .
897 2377 899 2382 '

83 2471 213 2546 Propriae
229 2471 316 2547 signa
334 2471 456 2528 cultrici
471 2490 598 2528 amorem
615 2467 655 2549 (v.
674 2467 750 2549 191).
766 2474 807 2527 «Ι.
823 2491 847 2527 e.
861 2472 892 2527 in
908 2471 970 2528 basi
989 2482 1087 2527 statuae

54 2564 215 2622 mentionem
235 2564 281 2623 fac
295 2564 400 2623 amoris
416 2565 473 2621 mei
498 2583 565 2640 enge
584 2566 731 2621 (luerem
753 2596 794 2607 -
811 2566 947 2636 Sueten,
966 2566 1085 2631 Domit,

55 2673 74 2708 t.
89 2674 142 2713 1111
161 2677 169 2714 ε
194 2681 211 2710 e
225 2659 338 2715 Statuas
360 2658 417 2715 sibi
431 2658 463 2715 in
481 2641 625 2732 Capitolio
647 2656 762 2713 nonnisi
782 2674 882 2713 aureas
897 2666 925 2713 et
941 2667 1088 2727 argenteas

55 2750 113 2815 poni
126 2750 273 2827 permisit,
290 2772 324 2809 ec
340 2752 480 2827 ponderis
497 2750 576 2807 certi.
591 2774 604 2801 s
623 2752 744 2805 Maxu.

88 2858 281 2934 Csuareiaque
291 2855 468 2935 gemma(v.
485 2853 564 2935 ael).
581 2855 770 2913 Sexibendum
784 2866 846 2911 erat
862 2854 1053 2937 Cinyreaque,
1071 2874 1087 2911 a

56 2946 151 3024 (inerte
162 2948 222 3007 iilia
238 2952 364 3026 Mymhu
379 2980 420 2993 ·-
429 2951 557 3025 Coryciae
573 2968 680 3017 comte,
694 2967 805 3005 crocus.

93 3057 208 3132 Quoque
213 3058 291 3113 Italo
301 3060 423 3133 pmdus
437 3054 476 3134 (v.
491 3056 547 3113 aad
562 3053 627 3134 sq.).
640 3053 828 3113 «Sacerdotes
841 3054 961 3129 Cybeles
974 3062 1083 3130 gestan-

56 3156 90 3205 tes
105 3148 163 3205 deae
176 3159 301 3205 statuam
313 3161 343 3206 et
358 3148 545 3225 digladiantes
559 3148 634 3205 inter
646 3167 676 3205 se
696 3148 811 3219 lurore,
831 3146 869 3203 ed
877 3146 1028 3201 Almonem
1040 3164 1089 3201 us-

56 3258 103 3312 que
115 3238 235 3297 fluvium
253 3242 515 3320 progxediehentun
528 3252 608 3297 extra
626 3250 742 3315 portam
756 3240 912 3313 Capenam,
930 3236 970 3294 ite
983 3256 1090 3312 repre-

57 3344 183 3390 sentanees
195 3335 257 3391 ‹teae
269 3336 394 3406 uum,
408 3352 504 3409 quum
519 3331 599 3390 flevit
617 3335 710 3407 etym
728 3331 844 3406 illioque
859 3329 928 3386 totis
947 3330 1045 3387 cultris
1062 3340 1091 3385 et

57 3424 174 3499 deposito
187 3427 303 3499 furore,
322 3429 360 3485 ad
374 3429 513 3502 templum
528 3421 671 3483 redibant!
686 3424 814 3499 Deponit
827 3422 915 3500 igitur
927 3422 984 3479 illic
997 3423 1087 3499 gemi-

58 3526 96 3573 tus
108 3520 224 3595 Cybele,
232 3521 370 3595 quoniam
379 3520 442 3594 ejus
455 3520 630 3589 sacerdotes,
644 3536 736 3593 quum
749 3515 807 3571 illic
823 3524 1032 3591 pervenerunt,
1047 3516 1090 3570 ln-

59 3629 154 3685 trymas
168 3625 196 3669 et
211 3614 340 3670 furorem
353 3624 476 3689 ponemt.
492 3638 505 3664 o
519 3615 633 3669 Donn.
648 3621 677 3667 et
693 3612 791 3685 plures
806 3627 880 3683 quos
893 3608 940 3665 cit·
955 3608 1050 3663 Barth.

93 3718 301 3794 clamoremque
321 3722 386 3796 rogi
396 3717 435 3798 (v.
450 3716 529 3797 οη).
548 3720 571 3775 1.
587 3736 612 3773 e.
636 3714 890 3771 conclamationem
910 3723 1032 3771 mortue
1054 3714 1092 3769 ad

59 3827 164 3885 rogum,
173 3812 209 3868 de
223 3831 283 3887 qun
296 3824 325 3869 et
338 3813 375 3869 de
388 3814 623 3887 soemnlepalam
629 3808 734 3881 facere
748 3806 820 3863 dixit
829 3808 971 3880 Grom,p.
983 3806 1039 3876 3¹7
1048 3818 1090 3879 sq.

58 3901 87 3955 ln
103 3922 158 3959 una
169 3922 202 3960 re
221 3906 383 3961 accuratior
401 3904 589 3961 Marklandus
605 3922 613 3957 ε
628 3904 722 3957 «Tres
741 3908 835 3969 erant,
850 3898 960 3973 inquit,
975 3898 1093 3954 concle-¹

59 3996 187 4054 nationes
196 4010 379 4055 mortuorum
394 4018 402 4053 ε
418 3999 510 4074 prima
526 4008 587 4055 erat
599 3994 695 4053 statim
711 4002 778 4067 post
792 4010 937 4049 excessum
950 3991 1092 4057 defuncti,

60 4085 102 4141 1ὼὶ
109 4089 336 4162 polomsactnm
352 4100 412 4161 est3
428 4090 554 4147 secunde
565 4089 602 4145 ed
614 4104 732 4161 rogum,
754 4084 790 4140 do
804 4102 860 4159 qua
878 4084 1013 4140 hocloco
1027 4084 1092 4139 Ste-
