2934 4950
359 443 399 497 m
420 445 449 498 r.
472 444 500 500 r.
522 443 649 500 8anss
671 443 779 499 runo.
802 445 873 500 Lm.
895 445 946 498 vt.
981 503 986 518 ,
1121 445 1177 502 3η

117 569 262 650 ⁸cuntur.»
287 559 384 614 Gnon.
405 561 526 616 —Post
541 579 568 616 v.
590 566 646 626 sol
674 561 728 616 ΜΒ
750 578 757 614 :
777 562 899 616 extentis
919 559 1028 618 eminus
1047 581 1076 616 o.
1100 563 1137 618 Et
1150 582 1177 617 r.

123 651 186 707 006
202 651 314 725 aliquot
329 649 405 711 codd
424 671 431 706 ε
450 653 613 730 opulentior
630 653 696 722 ille,
710 653 854 730 probante
877 653 988 710 Wakef.
1007 654 1045 711 ad
1061 654 1179 730 Eurip,

123 747 208 814 Ale,
222 745 289 801 621.

170 852 259 908 Croco
273 853 394 910 strident
408 853 540 912 ardeant
553 855 640 908 mello
653 850 692 930 (r.
708 850 786 932 aro)
803 854 886 930 Legit
899 872 936 910 ex
949 865 1010 928 opt.
1025 855 1181 912 Bartbius:

123 947 290 1001 adstridunt
307 946 451 1005 humentia
469 965 525 1016 m.‚
546 965 562 1004 e
582 945 689 1022 quibus
713 945 794 1022 prins
816 958 892 1003 certe
914 948 1104 1006 necessarium
1122 968 1182 1006 esse

122 1040 252 1096 ridetur.

166 1134 263 1190 Multa
278 1145 424 1210 pnsum...
440 1134 591 1209 indulgeat
604 1137 693 1192 armis
710 1132 748 1210 [v.
764 1131 919 1212 227-233).
936 1137 1053 1212 Septem
1066 1137 1097 1194 hi
1113 1156 1181 1193 rcr-

124 1246 174 1284 sus
195 1227 281 1302 plane
301 1227 386 1284 alieni
407 1227 525 1284 suntab
548 1228 605 1283 hoc
628 1228 694 1286 loco
716 1248 724 1284 ε
747 1247 842 1304 neque
865 1230 1050 1303 reperiuntur
1071 1229 1102 1286 in
1121 1231 1182 1286 ullo

124 1321 228 1378 codice
242 1340 278 1381 ex
300 1321 461 1383 numerosis
479 1321 549 1392 illis,
564 1341 638 1401 quos
656 1321 807 1396 Behotins,
821 1322 1034 1400 Lindenbrog„
1050 1325 1182 1380 Bai-thius

123 1425 289 1486 versarimt,
303 1434 398 1489 neque
410 1415 440 1472 in
450 1433 466 1470 a
476 1416 567 1492 Regg.
579 1416 640 1472 Nec
649 1416 814 1478 Lactantius
830 1416 984 1492 quicquam
992 1416 1029 1474 ad
1035 1435 1086 1474 eos
1096 1436 1179 1474 com-

122 1518 268 1564 mentatus
286 1518 337 1565 est.
353 1510 449 1580 Quare
468 1507 649 1582 eliminandi,
664 1522 697 1574 ut
711 1510 855 1566 Weberus
868 1509 944 1566 fecit.

169 1615 282 1670 Camenis
296 1617 372 1670 acvb
386 1626 416 1671 et
428 1613 568 1676 moent‘bns
585 1613 624 1692 (v.
641 1613 720 1694 250).
739 1617 794 1672 ΜΒ
811 1635 818 1672 z
833 1617 949 1672 «cuncti
962 1635 1000 1670 ec
1017 1618 1101 1672 arvis.
1112 1640 1128 1668 n
1137 1620 1181 1674 De

123 1727 206 1782 seqq.
227 1719 304 1764 recte
323 1709 466 1765 Weberus
486 1727 494 1763 ε
516 1711 574 1764 «ln
593 1709 787 1784 descriptione
807 1709 945 1765 ludorum
964 1710 1087 1766 Statium
1105 1729 1178 1788 ago-

121 1818 192 1856 nem
206 1800 331 1876 aliquem
351 1801 395 1858 sui
417 1802 470 1855 aevi
487 1819 552 1856 cnm
571 1801 740 1860 adulatione
758 1800 917 1860 Domitiani
936 1802 1093 1878 respexisse
1112 1805 1181 1878 plu-

120 1892 207 1952 ribus
219 1894 290 1952 locis
305 1894 408 1950 lectori
422 1904 532 1950 attento
546 1895 631 1950 etiam
648 1906 759 1952 tacente
778 1915 824 1951 me
841 1895 999 1972 apparebit.
1010 1920 1023 1947 ι

133 1983 136 1992 ’
170 2001 334 2057 Gramineoe
341 1999 465 2074 frondes
486 1997 526 2080 (r.
550 1999 628 2081 259).
656 2002 736 2076 Quid
763 2013 831 2059 sunt
856 2003 1016 2076 gramineae
1032 2001 1180 2074 frondes?

123 2095 241 2170 Sequor
264 2094 494 2157 emendationem
512 2095 694 2170 praestantiss.
719 2095 785 2152 cod.
806 2115 813 2150 :
834 2097 1025 2171 graminaqne
1046 2094 1139 2166 etsr„
1157 2117 1180 2153 c.

122 2189 162 2264 gl.
183 2208 190 2242 ε
208 2191 377 2258 «Γνοηιὶεε,
396 2188 527 2250 tenuiora
541 2189 672 2258 arbusta,
687 2187 805 2246 frutices
826 2199 855 2244 ct
875 2188 935 2243 alin
951 2187 1071 2245 humiles
1090 2191 1180 2247 arbu-

122 2283 241 2342 sculae.»
259 2283 369 2340 Bam.
841 2352 844 2357 .

169 2375 295 2448 Consenti
306 2374 345 2454 (v.
362 2374 440 2456 261).
456 2379 512 2433 ΜΒ
531 2397 538 2431 :
560 2377 708 2434 musenim
714 2397 726 2445 ,-
740 2378 819 2432 Lact.
838 2396 845 2431 ε
867 2376 995 2431 conserti.
1010 2377 1046 2429 V.
1068 2376 1178 2434 Basra.

122 2474 162 2527 Et
176 2471 262 2529 tertio
277 2471 380 2529 abhinc
396 2471 530 2529 nonnulli
543 2471 641 2527 Barth.
658 2490 665 2525 :
681 2474 829 2547 cultusque
845 2489 902 2544 pro
922 2470 991 2525 vul.

169 2580 296 2635 Pectore}
313 2580 413 2635 attritu
425 2577 465 2657 (v.
481 2575 560 2655 271).
574 2577 679 2634 Melius
696 2578 752 2632 ΜΒ
772 2596 779 2632 :
795 2578 829 2633 P.
848 2578 976 2631 astricte.

169 2688 238 2757 Die,
257 2688 362 2761 inclyte
381 2687 503 2757 Phoebe,
523 2696 668 2762 regentum
687 2686 811 2741 Nomina
829 2680 867 2760 (v.
891 2681 969 2759 296).
989 2684 1180 2741 Scribendum

123 2792 188 2839 erat
202 2800 227 2837 c.
242 2782 339 2837 Barth.
354 2800 390 2837 ex
403 2780 573 2838 melioribus
587 2778 644 2835 suis
658 2790 686 2837 et
701 2781 772 2854 Reg.
794 2798 804 2833 1
824 2798 831 2833 :
846 2778 902 2833 Dic
916 2778 1021 2851 inclyta
1028 2818 1038 2845 ‚
1057 2779 1179 2849 Pho-bc,

123 2894 185 2951 reg.
201 2877 236 2931 Ν.
1089 2890 1092 2895 ’

168 2982 329 3036 Formidine
351 2991 437 3035 cauta
460 2977 497 3053 (v.
524 2980 601 3053 324).
626 2978 712 3033 Multi
729 2978 809 3033 MSS.
834 2996 842 3031 ε
868 2980 899 3032 F.
916 2991 1022 3038 cantus.
1046 2957 1179 3035 (kterum

124 3074 317 3150 fragmentum
333 3093 369 3129 ex
384 3073 494 3131 Lucani
508 3073 624 3153 Ilc'qcis,
641 3071 723 3147 quod
741 3090 758 3127 a
776 3073 854 3127 Laet.
870 3072 909 3127 ad
922 3072 951 3127 h.
971 3074 989 3127 l.
1009 3071 1136 3144 affertur,
1148 3073 1177 3130 in

126 3178 233 3241 quarto
246 3186 331 3223 versu
344 3185 492 3239 mancum,
507 3166 651 3239 integrum
665 3163 819 3225 exhibetur
832 3164 863 3219 in
877 3164 942 3219 cod.
952 3163 1039 3221 Paris.
1053 3166 1178 3221 :trena

126 3260 209 3316 dedit
223 3264 296 3318 coelo
311 3263 399 3317 lucem
414 3271 575 3335 naturaque
589 3278 707 3329 versam
721 3260 807 3333 plane
821 3269 854 3314 ut
872 3257 1034 3331 conjecerat
1048 3258 1178 3315 Linden-

126 3353 226 3433 brog.,
246 3375 275 3429 p.
299 3355 354 3425 728
371 3355 415 3410 ed.
432 3354 512 3411 Cruc.

170 3457 272 3529 Credo,
287 3463 360 3516 adeo
373 3480 473 3516 sexum
483 3460 669 3534 indignantur
682 3458 722 3533 (vi
738 3458 816 3537 334).
839 3459 997 3517 «meliores
1009 3460 1077 3515 libri
1096 3463 1178 3517 credo

126 3556 273 3629 equidem,
289 3575 312 3610 s.
329 3556 347 3613 i.
364 3552 493 3611 disertirn
506 3552 668 3609 scribunt.»
689 3556 799 3610 Blnru.
908 3587 912 3593 ,

168 3664 297 3737 Dumque
310 3662 412 3734 chelyn
430 3665 512 3715 lanto
527 3658 564 3736 (v.
581 3658 638 3713 366
652 3660 716 3735 sq).
732 3684 744 3708 α
755 3661 987 3717 Citharoedornm
1001 3660 1178 3735 disciplinam

126 3756 287 3830 expressit:
307 3755 413 3829 quibus
432 3772 494 3809 mos
512 3750 594 3807 finito
614 3752 738 3811 carmine
759 3773 896 3813 coronam
915 3754 1074 3813 detractam
1093 3757 1178 3831 capiti

125 3851 241 3907 cithara
257 3848 408 3922 subligarc.
427 3848 539 3902 »Lien

170 3943 325 3999 fidissima
338 3942 448 3997 Plroebo
462 3943 586 3999 Nomina
600 3939 639 4017 (r.
658 3941 736 4017 372).
752 3941 826 3998 Boni
839 3941 925 3997 codd.
945 3940 1028 3997 multi
1044 3961 1051 3995 ε
1066 3940 1177 3997 Phoebi.

170 4039 239 4093 Fila
261 4040 322 4093 coto
338 4035 375 4113 (v.
402 4032 481 4112 380).
503 4036 692 4093 scribendum
716 4038 778 4090 colu
803 4054 838 4091 ex
857 4046 929 4108 optt.
952 4033 1055 4103 codd,
1075 4034 1179 4091 diserte

125 4141 305 4189 memorante
323 4129 477 4199 Priscianct,
495 4148 524 4183 vr
536 4173 544 4201 ,
558 4149 587 4204 p.
606 4130 663 4200 278
684 4129 729 4187 ed.
746 4130 846 4187 Krehl.
