2934 4950
323 431 362 485 ΙΝ
383 431 413 486 Ρ.
436 430 464 486 P.
487 430 614 486 STATII
634 431 784 488 ACHILL.
809 433 879 490 LIB.
901 435 938 489 ll.
1097 435 1153 492 355
1194 483 1199 491 .
1227 495 1230 499 ,

149 549 188 602 Et
197 547 289 602 adhuc
304 547 488 602 crescentibus
501 548 584 624 annu
598 544 635 622 (v.
645 544 732 624 382).
747 549 824 624 Ergo
838 568 930 626 usque
944 551 982 607 ad
997 552 1154 625 juvenilem

110 639 241 695 aetatem?
262 649 290 695 et
307 638 412 695 dehac
430 658 461 694 re
478 629 558 693 dic'or
570 637 629 694 ait?
647 641 768 714 Repone
788 645 987 716 «reptantibus
1005 645 1086 701 annis
1097 670 1110 693 ι
1120 665 1155 702 ex

109 733 180 807 Reg.
195 751 206 788 1
220 753 227 787 :
242 731 324 806 quod
334 732 392 804 jam
411 735 550 788 Gruterus
564 731 712 788 invenerat
726 751 762 789 ex
777 733 917 808 scriptura
931 736 1055 793 duorum
1073 740 1153 795 MSS.

110 835 138 878 et
160 824 315 880 scholiastae
335 844 342 878 ε
364 825 540 880 metantibus.
560 828 595 880 V.
617 828 713 882 Geor.
733 855 773 868 —-
791 828 873 896 Post,
893 848 920 883 ι.
938 829 1011 901 384,
1026 833 1097 907 Reg.
1116 851 1128 885 1
1147 852 1154 885 ε

110 943 122 966 «ι
135 919 201 974 Non
217 921 289 974 ullos
304 937 338 974 ex
356 937 437 974 more
453 920 528 974 cibos
543 919 704 974 hausisse.»

149 1011 253 1065 Libens
267 1013 389 1067 tmxr'sse
403 1009 442 1088 (v.
461 1011 539 1090 386).
554 1014 604 1068 PR
618 1022 646 1066 et
664 1010 712 1067 alii
727 1030 735 1065 z
750 1037 762 1062 ι
778 1015 855 1089 lapte
868 1014 993 1070 traxisse.

149 1105 209 1160 Nec
222 1105 309 1176 flexa
328 1101 474 1182 cubili-(v.
491 1103 568 1184 394).
585 1103 677 1162 Codd.
692 1105 777 1161 Lind.
792 1118 821 1161 et
835 1108 957 1179 Barthii‚
976 1120 1011 1163 ut
1026 1108 1155 1180 videtur,

110 1216 223 1267 omnes,
238 1216 262 1253 c.
277 1201 348 1272 Reg.
367 1219 378 1254 1
397 1199 508 1271 :stura

148 1292 189 1346 Et
202 1291 347 1366 Lapithas
361 1293 479 1366 cogebat
491 1310 563 1366 equo
576 1289 614 1367 (v.
632 1288 709 1369 398).
724 1293 814 1348 Recte
832 1293 964 1350 Barthius
975 1315 981 1350 :
994 1318 1006 1344 ι
1021 1298 1156 1371 Lapithas

108 1404 186 1460 equo
200 1395 383 1458 praevertere,
403 1385 505 1460 quanti
517 1383 648 1440 miraculi
667 1385 732 1440 res?
745 1411 757 1435 n
772 1391 858 1456 [44444
871 1396 933 1449 ὠκὺν
947 1388 1036 1463 igitur
1048 1401 1082 1446 ut
1095 1388 1156 1447 ser-

107 1489 203 1549 varet,
224 1478 353 1552 reposuit
372 1477 579 1551 «Lapithas.....
602 1497 721 1552 equos.»
740 1484 834 1555 Atque
856 1482 912 1536 hoc
931 1480 1083 1539 confirmat
1095 1486 1156 1540 Re-

107 1571 148 1646 gii
167 1591 178 1626 ι
196 1588 357 1627 consensus.
381 1569 472 1625 Etiam
486 1572 597 1626 Cruceo
614 1570 662 1654 bip·
682 1589 782 1626 verum
797 1583 915 1647 tangere
930 1575 1060 1651 contigit.

153 1667 191 1739 In
205 1683 258 1720 sua
270 1668 344 1721 colla
360 1665 473 1720 levabat
489 1661 526 1740 (v.
543 1663 626 1742 400).
637 1667 706 1740 Reg.
727 1685 738 1720 1
758 1686 765 1719 :
781 1677 873 1742 terga.
885 1667 966 1723 ldem
979 1687 1005 1723 v.
1022 1676 1090 1740 407,
1100 1672 1157 1725 da-

107 1779 187 1828 mas,
209 1771 236 1814 et
258 1761 332 1829 408,
347 1762 457 1829 lynces5
474 1764 548 1832 409,
562 1755 643 1834 persor
656 1778 665 1812 :
679 1759 729 1814 sed
746 1761 906 1815 catulorum
927 1772 1031 1818 matres
1050 1763 1158 1819 intelli-

109 1862 217 1928 guntur
236 1863 268 1907 ut
282 1851 471 1926 rabidiores„
500 1873 502 1880 ·
528 1867 549 1902 0
833 1864 836 1868 ’

151 1947 213 2018 (luo
232 1947 339 2002 turbine
354 1956 471 2000 crustum
493 1943 729 2021 Sauromateslv.
747 1944 826 2023 4ι8).
843 1947 954 2022 Scythae
972 1949 1104 2004 castum?
1119 1953 1158 2005 At

46 2045 49 2050 '
108 2040 248 2096 Gronovii
263 2051 292 2096 et
311 2040 428 2096 Gruteri
442 2041 522 2096 MSS.
542 2059 550 2095 :
570 2051 702 2107 contum,
719 2039 803 2116 quod
820 2034 905 2096 etiam
920 2041 1112 2099 Maturantius
1129 2055 1158 2098 et

107 2133 289 2192 Britannicus
312 2136 449 2211 legerant.
472 2134 596 2209 Scaliger
618 2146 782 2191 correxerat
808 2148 945 2202 cestrum,
966 2152 1080 2216 κῆστρον,
1095 2139 1115 2196 i.
1131 2159 1157 2195 e.-

102 2227 249 2300 'spiculum
270 2227 351 2301 quod
370 2225 461 2282 lunda
481 2226 635 2300 circumagi
661 2237 689 2283 et
715 2226 805 2282 emitti
824 2218 948 2299 solebat,
972 2229 1050 2286 unde
1069 2244 1158 2286 cestro

107 2320 275 2394 sphendona
295 2338 340 2392 ap.
359 2318 481 2374 livium.
972 2395 977 2400 ἱ

146 2413 335 2489 Distn'ngerct
355 2410 392 2489 (v.
418 2409 495 2489 lna).
510 2412 582 2489 Reg.
605 2431 617 2468 1
640 2430 652 2466 ι·
668 2414 860 2487 distingueret.
885 2413 954 2469 Exc.
970 2414 1055 2490 Burg.
1071 2435 1078 2469 τ
1092 2418 1156 2472 dis·

103 2508 247 2583 jungeret.
263 2508 346 2578 Post,
359 2524 385 2561 ι.
408 2511 463 2571 lul.
473 2547 482 2577 ,
493 2505 540 2561 ille
556 2508 690 2580 ingentes.

147 2602 296 2657 Immissos
319 2610 428 2655 curvato
449 2599 567 2653 umbone
583 2601 706 2653 molares
719 2596 756 2676 (v.
774 2595 852 2676 427).
873 2602 944 2675 Reg.
964 2620 976 2655 1
996 2621 1002 2655 :
1024 2589 1157 2659 insertato

107 2696 270 2751 umbone.»
283 2694 393 2751 ellit:
414 2694 570 2773 immensos.
964 2679 966 2682 ¹
1022 2751 1024 2754 ,

152 2783 460 2865 Vulsasquetmbes·(v.
477 2784 554 2863 431).
569 2788 640 2862 Reg.
665 2806 677 2840 1
695 2806 703 2842 ι
718 2809 733 2837 α
743 2787 891 2861 orbusque.
901 2810 917 2838 s

151 2885 269 2940 Stobam
290 2884 436 2958 equidem,
455 2900 507 2935 nec
528 2900 574 2936 me
590 2878 628 2956 (v.
650 2878 727 2958 435).
747 2881 818 2955 aeg.
838 2901 850 2936 1
871 2900 879 2935 ι
897 2882 952 2936 sed
968 2900 1032 2950 me,
1054 2902 1155 2939 corre-

107 2990 185 3035 ctum
208 2979 367 3047 electore,
391 2974 442 3050 qui
459 2974 665 3031 sententiarum
686 2986 815 3031 tenorem
837 2993 898 3030 non
921 2986 1045 3049 caperet.
1060 2976 1151 3033 Nimis
1260 2963 1265 2973 ⁶

104 3072 269 3148 periculoso
289 3068 425 3127 Centauri
437 3069 515 3146 jusso
531 3068 711 3141 obtemperat
722 3080 750 3123 et
764 3068 866 3125 cedere
879 3087 940 3124 non
953 3072 1015 3125 vult
1029 3089 1088 3143 prae
1097 3090 1155 3145 pu·
1259 3062 1264 3069 ’

106 3166 193 3236 dore,
214 3183 300 3240 quem
313 3164 422 3220 Chiron
442 3162 469 3241 ei
485 3162 579 3219 statim
595 3163 762 3235 exprobrat.
778 3164 855 3218 Male
872 3162 955 3218 etiarn
968 3164 1017 3219 PR
1034 3182 1062 3218 v.
1082 3183 1124 3239 sq.
1147 3184 1154 3219 :

105 3259 303 3333 calidosugoe.
319 3258 368 3314 Est
381 3256 427 3312 via
442 3257 549 3313 incerta
564 3254 595 3310 in
614 3254 706 3311 fundo
725 3253 807 3310 fluvii
826 3255 1006 3311 exundantis.

147 3353 264 3408 Nodare
275 3353 368 3407 Palen
383 3347 422 3427 (v.
434 3346 511 3427 44ι).
530 3348 659 3404 Nexibus
673 3358 701 3403 et
714 3348 890 3423 implicando
904 3349 1005 3403 facere.
1019 3350 1054 3402 V.
1070 3351 1153 3404 Gno-

105 3464 174 3503 ιιοι.
192 3445 238 3503 cit.
254 3446 296 3500 ad
313 3445 377 3501 Silo.
399 3462 495 3514 111,1,
514 3440 578 3513 ¹57·

147 3542 182 3594 V.
204 3536 269 3607 453.
294 3539 382 3611 Quod
395 3548 481 3611 poeta
498 3535 545 3591 hic
566 3532 648 3591 linire
674 3536 799 3594 voluisse
818 3536 945 3593 creditus
961 3546 1016 3606 est,
1030 3536 1060 3591 in
1073 3538 1153 3593 MSS,

103 3634 201 3690 nescio
221 3633 326 3707 quibus
346 3632 406 3688 sine
419 3630 551 3699 nomine,
566 3629 633 3685 fort.
650 3629 730 3689 editt.
756 3642 866 3687 tantum
882 3630 1017 3701 veterib„
1037 3630 1154 3687 additur

104 3744 204 3782 versus
223 3746 229 3780 :

211 3904 276 3950 Aura
291 3900 359 3957 siletz
376 3900 463 3966 puppis
477 3916 574 3951 cuneus
584 3900 615 3951 ad
630 3900 700 3950 litora
717 3900 791 3951 venit.

527 4122 689 4139 ιω...-
702 4126 732 4133 ...ι
