2934 4950
326 445 399 511 ‘282
718 446 1014 502 ADNOTATIONES

343 591 398 647 que
416 585 546 628 necessus
561 569 605 624 ad
620 585 733 632 mm,
755 563 911 640 siquidem
933 563 963 620 iu
985 562 1134 636 superiore
1156 564 1249 622 adhue
1269 569 1391 624 carmine

343 663 382 721 nd
399 661 525 721 Plotium
537 677 725 729 versaremur.

386 755 487 812 Omnis
514 764 670 808 matertera
693 747 734 828 (v.
758 745 817 826 25).
844 749 950 808 Omnes
975 749 1081 820 Musae,
1102 768 1217 806 sorores
1237 749 1393 824 (hiliopes,

344 849 443 907 manis
453 844 573 922 Orphei
590 874 634 888 -
646 844 712 918 Seq.
730 861 759 898 r.
773 853 876 918 tegeret
892 850 935 896 est
951 841 1144 898 comitaretur.
1162 844 1198 898 V.
1212 845 1335 900 Maur..

383 943 486 997 Mater
502 937 642 994 Achillen
661 932 699 1014 (r.
714 932 779 1008 36).
799 933 910 1004 Thetis,
924 931 1028 992 fluetus
1041 934 1159 992 allidens
1167 936 1254 994 busto
1267 935 1393 992 Achillis.

345 1033 418 1091 eod.
432 1029 552 1105 Rhedig.
568 1029 599 1084 iu
612 1047 693 1104 seqq.
710 1049 717 1084 ε
732 1026 899 1101 nffnirgere.

387 1127 507 1183 censore
534 1119 573 1200 (v.
606 1117 665 1199 tn).
690 1118 872 1178 Domitianus
894 1117 924 1174 iu
947 1136 1067 1176 censura
1086 1118 1310 1192 laudaussimus;
1329 1121 1395 1178 side

344 1222 496 1288 Gnoson,
515 1234 545 1291 p.
560 1221 616 1281 atr
633 1229 696 1288 ειη.
711 1213 748 1272 Et
763 1211 888 1288 probare
900 1210 1053 1284 propriruu
1065 1211 1186 1268 verbum
1206 1211 1243 1268 de
1265 1213 1395 1270 censori-

344 1313 408 1368 bus.
422 1308 496 1365 Vide
509 1306 611 1363 citatos
624 1323 641 1362 a
653 1305 760 1360 ldarlrl.
775 1302 812 1359 ad
824 1322 851 1359 v.
869 1301 915 1370 45.

384 1402 537 1477 Nuptuque
550 1399 635 1473 prior
655 1393 695 1474 (r.
713 1392 771 1474 45).
792 1396 837 1451 Ita
853 1394 955 1450 Markl.
971 1411 987 1448 e
1002 1393 1079 1467 oouj.
1097 1395 1234 1454 Turnebi.
1255 1396 1351 1454 codd.
1369 1409 1395 1453 et

345 1496 410 1552 edd.
426 1514 433 1549 ε
453 1504 643 1567 nuptumque,
659 1490 696 1548 tle
714 1507 775 1563 quo
790 1498 867 1544 recte
881 1485 1023 1554 Weberus
1038 1507 1045 1542 ι
1062 1488 1200 1562 «Nuptiis
1214 1499 1255 1544 est
1267 1508 1325 1563 pro
1339 1510 1396 1545 uu·

344 1588 430 1666 ptiis;
447 1597 478 1642 et
496 1586 542 1641 vel
564 1585 588 1640 si
609 1596 729 1658 nuptum
743 1599 799 1656 pro
825 1591 930 1636 neutro
952 1580 1097 1656 participii
1120 1582 1286 1638 habendum
1307 1594 1397 1650 esset,

347 1692 421 1738 stare
437 1688 570 1753 poterat,
590 1696 627 1735 ex
647 1694 728 1732 more
747 1673 834 1747 hujus
850 1673 902 1730 sevi
919 1683 1087 1747 poetarum
1107 1685 1140 1730 ut
1153 1676 1286 1732 Lucanus
1304 1676 1397 1732 statim

346 1774 384 1830 ab
403 1771 485 1827 initio
501 1781 638 1825 certatum
654 1769 727 1826 dixit
742 1785 798 1842 pro
817 1764 978 1823 certamine.
995 1790 1007 1817 s
1204 1761 1213 1778 ⁰

388 1867 478 1920 Umor
491 1862 698 1919 novuseeubile
711 1857 751 1939 (v.
768 1857 804 1918 55
815 1856 881 1936 sq.).
895 1857 1041 1916 «Videtur
1058 1859 1113 1916 sibi
1126 1861 1233 1917 Statius
1247 1861 1396 1918 contradi-

347 1975 427 2025 cere,
442 1956 467 2012 si
485 1953 615 2012 conteras
633 1973 662 2008 v.
677 1951 715 2020 45
717 1994 765 2009 .....
788 1951 847 2007 Sed
862 1939 996 2008 lenienda
1009 1951 1206 2026 interpretatio
1225 1965 1284 2024 est,
1302 1965 1331 2010 et
1353 1955 1397 2010 in-

346 2048 516 2126 telligendus
533 2047 640 2104 Statius
662 2045 745 2120 quasi
764 2045 881 2102 dixisset
898 2064 906 2100 r
926 2046 1080 2120 Postquam
1093 2055 1142 2102 tua
1159 2065 1235 2103 uxor
1248 2047 1324 2104 sacta
1341 2059 1398 2117 est,

348 2143 392 2197 tui
406 2141 488 2196 nurus
509 2139 592 2195 novit
611 2138 721 2209 cubile,
742 2137 880 2193 titinnius
905 2155 1002 2194 aurore
1022 2136 1171 2193 ardebat.»
1191 2141 1310 2194 Maur..
1332 2141 1398 2194 Hac

346 2231 547 2306 interpretatio
561 2229 748 2306 sequentibus
767 2225 960 2285 confirmatur.

393 2325 473 2397 Quid
496 2326 614 2390 Arctos,
643 2323 714 2397 qur'd
732 2323 842 2376 Boreas
861 2317 900 2398 (v.
920 2316 980 2396 δι).
999 2320 1171 2395 Tautologia
1190 2339 1250 2377 non
1270 2321 1396 2378 serenda.

349 2421 433 2478 cert·
453 2417 513 2472 haec
531 2415 730 2472 emendatione
751 2414 920 2470 instauravit
942 2411 1060 2485 Markl,
1078 2416 1184 2469 Auster
1200 2414 1326 2471 scribens
1345 2436 1397 2492 pro

349 2514 468 2578 Arctos,
483 2514 520 2564 ιιι·
532 2510 593 2581 jam
607 2508 713 2564 habeas
732 2518 861 2583 qrratuor
879 2506 982 2563 mundi
995 2508 1105 2582 plagas,
1123 2519 1233 2579 ortum,
1248 2526 1398 2578 occasion,

348 2607 486 2662 Austrum
506 2612 535 2657 et
553 2605 683 2658 Boream.

392 2695 497 2751 Omnia
515 2712 585 2748 nom
602 2696 686 2748 loetns
697 2688 736 2770 (r.
751 2710 788 2769 92
802 2690 867 2771 ιφ).
886 2716 899 2742 ι
914 2694 971 2748 lies
984 2694 1060 2748 laetas
1074 2702 1102 2747 et
1120 2693 1194 2748 bene
1212 2705 1306 2769 gestas
1318 2716 1396 2753 nun-

348 2787 447 2844 tiaturi
462 2804 523 2843 nou
541 2787 714 2843 columem
726 2786 838 2843 tabellis
851 2784 995 2857 laureatis,
1010 2784 1061 2841 sed
1079 2786 1164 2842 etiam
1181 2788 1298 2846 summis
1311 2789 1396 2846 hastis

348 2882 431 2937 lauro
446 2878 555 2936 vestitis
573 2878 744 2950 ueniebant3
759 2896 796 2934 ex
809 2876 967 2948 contrario,
982 2878 1092 2952 quires
1109 2878 1240 2935 turbidas
1252 2890 1282 2936 et
1293 2881 1398 2955 impro

348 2990 443 3047 speras
463 2981 514 3027 aut
532 2989 625 3027 noros
643 2981 740 3027 motus
758 2970 790 3025 in
805 2969 961 3044 provinciis
976 2966 1114 3027 excitatos
1131 2981 1180 3027 aut
1197 2971 1307 3029 bellurn
1326 2993 1398 3029 uuu-

348 3064 472 3132 dabant,
496 3062 539 3119 rei
556 3062 644 3119 tristis
658 3061 796 3121 iudicium
817 3062 913 3137 pinnis
933 3062 965 3117 in
988 3081 1099 3119 summo
1119 3062 1262 3119 hastarum
1283 3066 1396 3122 laucea-

347 3174 448 3215 rumve
470 3154 535 3212 fixis
556 3155 754 3228 praeferebant.
771 3180 783 3207 ι
809 3158 921 3227 Grion,
946 3175 976 3231 p.
1002 3156 1058 3213 310
1085 3176 1127 3230 sq.
1158 3175 1192 3213 ex
1217 3158 1336 3215 Salmas.
1363 3160 1397 3215 ad

348 3250 452 3306 Biston
464 3252 555 3323 Auge,
570 3249 627 3303 vol.
640 3268 668 3319 r,
688 3268 716 3323 p.
737 3250 827 3321 1023,
842 3250 976 3325 pluribus
988 3249 1048 3305 haec
1062 3248 1199 3324 probans.
1210 3252 1305 3308 Recto
1318 3251 1397 3325 judi-

349 3344 394 3399 cio
412 3340 516 3398 deinde
535 3340 639 3396 lllarlrl.
652 3340 775 3412 famosa
797 3340 828 3399 in
844 3344 986 3401 damnosa
1004 3342 1174 3401 mutandum
1192 3343 1312 3416 suadet,
1330 3344 1397 3419 qrrir

347 3434 426 3490 vocis
432 3435 567 3509 famosus
580 3433 717 3491 inrnslam
731 3446 843 3509 partem
857 3448 945 3511 captae
958 3436 1041 3493 Statii
1054 3446 1135 3493 atate
1148 3456 1208 3494 non
1221 3438 1319 3512 gravia
1333 3438 1397 3495 satis

349 3525 520 3581 documenta
540 3536 659 3581 exstant

391 3620 520 3674 Pandere
532 3619 594 3694 an's
607 3632 716 3676 centum
734 3616 771 3698 (v.
794 3620 832 3696 95
847 3618 910 3700 sq.).
929 3620 1050 3696 Egregie
1067 3622 1126 3678 haec
1144 3621 1265 3678 illustrat
1284 3623 1393 3679 Salma-

349 3712 406 3769 sius
419 3711 498 3785 apud
507 3715 653 3783 Gronov„
666 3713 761 3770 Diatn
769 3755 779 3781 ,
794 3733 824 3787 p.
840 3715 894 3771 311
911 3732 991 3789 sqq.,
1006 3725 1035 3769 et
1047 3713 1165 3771 Elenclr.
1181 3717 1294 3783 Anuli,
1304 3734 1333 3789 p.
1345 3716 1396 3781 28,

349 3802 433 3875 eujus
452 3803 653 3877 disputationis
667 3824 806 3863 summam
818 3806 859 3864 ita
873 3806 971 3865 reddit
985 3806 1086 3866 Marll.
1098 3827 1104 3861 :
1117 3830 1129 3857 ι
1143 3808 1187 3863 De
1202 3808 1253 3864 illo
1267 3808 1396 3881 loquitur

349 3896 472 3967 Statius,
491 3896 544 3970 qui
562 3908 682 3971 praeerat
700 3909 816 3955 eentum
831 3899 977 3975 equitibus
991 3900 1162 3976 legionariis.
1186 3902 1311 3956 Frennre
1328 3918 1395 3955 cerr-

351 4001 409 4050 enm
431 4006 517 4063 equos
531 4000 573 4045 est
592 3989 698 4047 ducere
713 3993 759 4048 vel
772 4010 890 4066 praesse
903 4004 1018 4051 centurn
1039 3993 1202 4069 equitibus3
1221 3994 1395 4053 ristemixnrs

350 4082 501 4155 maniplis,
517 4082 585 4155 quia
599 4083 629 4137 lri
645 4084 757 4158 equites
769 4104 823 4158 per
838 4086 1013 4161 manipulos,
1036 4088 1086 4162 qui
1104 4098 1185 4145 eraut
1201 4086 1334 4162 legionis,
1349 4085 1394 4141 di-
