<?xml version="1.0" encoding="UTF-8"?>
<!DOCTYPE html PUBLIC "-//W3C//DTD XHTML 1.0 Transitional//EN"
    "http://www.w3.org/TR/xhtml1/DTD/xhtml1-transitional.dtd">
<html xmlns="http://www.w3.org/1999/xhtml" xml:lang="en" lang="en">
 <head>
  <title>
</title>
<meta http-equiv="Content-Type" content="text/html;charset=utf-8" />
  <meta name='ocr-system' content='tesseract 3.04.00' />
  <meta name='ocr-capabilities' content='ocr_page ocr_carea ocr_par ocr_line ocrx_word'/>
</head>
<body>
  <div class='ocr_page' id='page_1' title='image "./operaquaeextant01dbgoog_0473.png"; bbox 0 0 2934 4950; ppageno 0'>
   <div class='ocr_carea' id='block_1_1' title="bbox 327 342 1359 441">
    <p class='ocr_par' dir='ltr' id='par_1_1' title="bbox 327 342 1359 441">
     <span class='ocr_line' id='line_1_1' title="bbox 327 342 1359 441; baseline 0.007 -13"><span class='ocrx_word' id='word_1_1' title='bbox 327 380 380 441; x_wconf 67' lang='lat' dir='ltr'>nt</span> <span class='ocrx_word' id='word_1_2' title='bbox 544 342 556 365; x_wconf 84' lang='lat'><em>&#39;</em></span> <span class='ocrx_word' id='word_1_3' title='bbox 638 374 849 431; x_wconf 77' lang='lat' dir='ltr'>rumamos</span> <span class='ocrx_word' id='word_1_4' title='bbox 868 374 976 432; x_wconf 79' lang='lat' dir='ltr'>tuan</span> <span class='ocrx_word' id='word_1_5' title='bbox 997 377 1050 433; x_wconf 80' lang='lat' dir='ltr'>nt.</span> <span class='ocrx_word' id='word_1_6' title='bbox 1262 373 1359 435; x_wconf 61' lang='lat' dir='ltr'>‹tu-2</span> 
     </span>
    </p>
   </div>
   <div class='ocr_carea' id='block_1_2' title="bbox 239 496 1364 3981">
    <p class='ocr_par' dir='ltr' id='par_1_2' title="bbox 323 496 1364 2405">
     <span class='ocr_line' id='line_1_2' title="bbox 323 496 1114 594; baseline 0.001 -28"><span class='ocrx_word' id='word_1_7' title='bbox 323 499 501 592; x_wconf 89' lang='lat' dir='ltr'>Perjurum</span> <span class='ocrx_word' id='word_1_8' title='bbox 521 496 670 567; x_wconf 88' lang='lat' dir='ltr'>diadema</span> <span class='ocrx_word' id='word_1_9' title='bbox 687 513 785 592; x_wconf 87' lang='lat' dir='ltr'>peto:</span> <span class='ocrx_word' id='word_1_10' title='bbox 802 523 870 592; x_wconf 93' lang='lat' dir='ltr'>quo</span> <span class='ocrx_word' id='word_1_11' title='bbox 887 500 1008 594; x_wconf 88' lang='lat' dir='ltr'>gaudia</span> <span class='ocrx_word' id='word_1_12' title='bbox 1029 500 1114 567; x_wconf 84' lang='lat' dir='ltr'>tanti</span> 
     </span>
     <span class='ocr_line' id='line_1_3' title="bbox 326 617 1364 715; baseline -0.003 -28"><span class='ocrx_word' id='word_1_13' title='bbox 326 622 423 687; x_wconf 87' lang='lat' dir='ltr'>Emta</span> <span class='ocrx_word' id='word_1_14' title='bbox 434 617 538 715; x_wconf 82' lang='lat' dir='ltr'>mihi,</span> <span class='ocrx_word' id='word_1_15' title='bbox 556 632 615 686; x_wconf 91' lang='lat' dir='ltr'>aut</span> <span class='ocrx_word' id='word_1_16' title='bbox 628 632 814 713; x_wconf 83' lang='lat' dir='ltr'><strong>sceptrum,</strong></span> <span class='ocrx_word' id='word_1_17' title='bbox 833 618 923 711; x_wconf 92' lang='lat' dir='ltr'>quod</span> <span class='ocrx_word' id='word_1_18' title='bbox 938 644 1006 686; x_wconf 92' lang='lat' dir='ltr'>non</span> <span class='ocrx_word' id='word_1_19' title='bbox 1020 633 1076 687; x_wconf 90' lang='lat' dir='ltr'>tua</span> <span class='ocrx_word' id='word_1_20' title='bbox 1095 617 1231 688; x_wconf 82' lang='lat' dir='ltr'>dextera</span> <span class='ocrx_word' id='word_1_21' title='bbox 1244 618 1364 687; x_wconf 80' lang='lat' dir='ltr'>tradet?</span> 
     </span>
     <span class='ocr_line' id='line_1_4' title="bbox 325 735 1130 831; baseline 0 -26"><span class='ocrx_word' id='word_1_22' title='bbox 325 741 394 823; x_wconf 90' lang='lat' dir='ltr'>lte,</span> <span class='ocrx_word' id='word_1_23' title='bbox 413 738 496 821; x_wconf 88' lang='lat' dir='ltr'>viri,</span> <span class='ocrx_word' id='word_1_24' title='bbox 515 735 687 831; x_wconf 87' lang='lat' dir='ltr'>solumque</span> <span class='ocrx_word' id='word_1_25' title='bbox 706 736 776 806; x_wconf 86' lang='lat' dir='ltr'>fero</span> <span class='ocrx_word' id='word_1_26' title='bbox 793 760 847 805; x_wconf 92' lang='lat' dir='ltr'>me</span> <span class='ocrx_word' id='word_1_27' title='bbox 863 736 1004 831; x_wconf 88' lang='lat' dir='ltr'>linquite</span> <span class='ocrx_word' id='word_1_28' title='bbox 1023 736 1130 805; x_wconf 87' lang='lat' dir='ltr'>fratri.</span> 
     </span>
     <span class='ocr_line' id='line_1_5' title="bbox 326 855 1239 953; baseline -0.001 -25"><span class='ocrx_word' id='word_1_29' title='bbox 326 856 383 928; x_wconf 87' lang='lat' dir='ltr'>Nil</span> <span class='ocrx_word' id='word_1_30' title='bbox 402 882 486 953; x_wconf 90' lang='lat' dir='ltr'>opus</span> <span class='ocrx_word' id='word_1_31' title='bbox 505 882 597 927; x_wconf 87' lang='lat' dir='ltr'>arma</span> <span class='ocrx_word' id='word_1_32' title='bbox 617 855 705 926; x_wconf 86' lang='lat' dir='ltr'>ultra</span> <span class='ocrx_word' id='word_1_33' title='bbox 723 871 872 944; x_wconf 90' lang='lat' dir='ltr'>tentare,</span> <span class='ocrx_word' id='word_1_34' title='bbox 892 872 927 925; x_wconf 88' lang='lat' dir='ltr'>et</span> <span class='ocrx_word' id='word_1_35' title='bbox 943 857 1082 952; x_wconf 79' lang='lat' dir='ltr'>perdere</span> <span class='ocrx_word' id='word_1_36' title='bbox 1094 871 1239 927; x_wconf 82' lang='lat' dir='ltr'>mortes:</span> 
     </span>
     <span class='ocr_line' id='line_1_6' title="bbox 326 976 1298 1073; baseline -0.002 -26"><span class='ocrx_word' id='word_1_37' title='bbox 326 982 396 1066; x_wconf 87' lang='lat' dir='ltr'>Ite,</span> <span class='ocrx_word' id='word_1_38' title='bbox 416 1003 559 1073; x_wconf 88' lang='lat' dir='ltr'>precor:</span> <span class='ocrx_word' id='word_1_39' title='bbox 577 976 658 1071; x_wconf 93' lang='lat' dir='ltr'>quid</span> <span class='ocrx_word' id='word_1_40' title='bbox 673 977 743 1070; x_wconf 88' lang='lat' dir='ltr'>jam</span> <span class='ocrx_word' id='word_1_41' title='bbox 764 976 887 1046; x_wconf 88' lang='lat' dir='ltr'>dabitis</span> <span class='ocrx_word' id='word_1_42' title='bbox 907 978 988 1045; x_wconf 91' lang='lat' dir='ltr'>mibi</span> <span class='ocrx_word' id='word_1_43' title='bbox 1007 976 1153 1071; x_wconf 89' lang='lat' dir='ltr'>denique</span> <span class='ocrx_word' id='word_1_44' title='bbox 1172 978 1298 1072; x_wconf 83' lang='lat' dir='ltr'>majus?</span> 
     </span>
     <span class='ocr_line' id='line_1_7' title="bbox 327 1097 1242 1197; baseline -0.003 -28"><span class='ocrx_word' id='word_1_45' title='bbox 327 1098 439 1193; x_wconf 86' lang='lat' dir='ltr'>Tydea</span> <span class='ocrx_word' id='word_1_46' title='bbox 455 1100 645 1167; x_wconf 74' lang='lat' dir='ltr'>consumsit</span> <span class='ocrx_word' id='word_1_47' title='bbox 665 1120 811 1197; x_wconf 85' lang='lat' dir='ltr'>quanam</span> <span class='ocrx_word' id='word_1_48' title='bbox 827 1097 892 1167; x_wconf 90' lang='lat' dir='ltr'>hoc</span> <span class='ocrx_word' id='word_1_49' title='bbox 910 1122 973 1192; x_wconf 91' lang='lat' dir='ltr'>ego</span> <span class='ocrx_word' id='word_1_50' title='bbox 991 1111 1101 1166; x_wconf 90' lang='lat' dir='ltr'>morte</span> <span class='ocrx_word' id='word_1_51' title='bbox 1118 1097 1242 1192; x_wconf 84' lang='lat' dir='ltr'>piabo?</span> 
     </span>
     <span class='ocr_line' id='line_1_8' title="bbox 329 1214 1207 1313; baseline -0.002 -24"><span class='ocrx_word' id='word_1_52' title='bbox 329 1223 361 1288; x_wconf 92' lang='grc' dir='ltr'><strong>Ο</strong></span> <span class='ocrx_word' id='word_1_53' title='bbox 379 1244 522 1305; x_wconf 48' lang='lat' dir='ltr'>socerso</span> <span class='ocrx_word' id='word_1_54' title='bbox 542 1214 638 1313; x_wconf 82' lang='lat' dir='ltr'>Argi!</span> <span class='ocrx_word' id='word_1_55' title='bbox 657 1233 691 1286; x_wconf 92' lang='lat' dir='ltr'>et</span> <span class='ocrx_word' id='word_1_56' title='bbox 710 1219 827 1313; x_wconf 74' lang='lat' dir='ltr'>primu</span> <span class='ocrx_word' id='word_1_57' title='bbox 844 1218 934 1287; x_wconf 90' lang='lat' dir='ltr'>bona</span> <span class='ocrx_word' id='word_1_58' title='bbox 950 1218 1063 1313; x_wconf 84' lang='lat' dir='ltr'>jurgia</span> <span class='ocrx_word' id='word_1_59' title='bbox 1081 1220 1207 1311; x_wconf 85' lang='lat' dir='ltr'>noctis,</span> 
     </span>
     <span class='ocr_line' id='line_1_9' title="bbox 330 1336 1140 1433; baseline -0.001 -24"><span class='ocrx_word' id='word_1_60' title='bbox 330 1338 541 1431; x_wconf 82' lang='lat' dir='ltr'>Alternaeque</span> <span class='ocrx_word' id='word_1_61' title='bbox 558 1362 694 1425; x_wconf 90' lang='lat' dir='ltr'>manus,</span> <span class='ocrx_word' id='word_1_62' title='bbox 712 1352 748 1407; x_wconf 91' lang='lat' dir='ltr'>et</span> <span class='ocrx_word' id='word_1_63' title='bbox 765 1336 856 1433; x_wconf 89' lang='lat' dir='ltr'>longi</span> <span class='ocrx_word' id='word_1_64' title='bbox 876 1339 997 1433; x_wconf 91' lang='lat' dir='ltr'>pignus</span> <span class='ocrx_word' id='word_1_65' title='bbox 1016 1340 1140 1408; x_wconf 87' lang='lat' dir='ltr'>amoris</span> 
     </span>
     <span class='ocr_line' id='line_1_10' title="bbox 332 1448 1286 1557; baseline 0.002 -27"><span class='ocrx_word' id='word_1_66' title='bbox 332 1464 386 1530; x_wconf 89' lang='lat' dir='ltr'>Ira</span> <span class='ocrx_word' id='word_1_67' title='bbox 406 1448 515 1528; x_wconf 80' lang='lat' dir='ltr'>breuis</span> <span class='ocrx_word' id='word_1_68' title='bbox 532 1485 539 1527; x_wconf 95' lang='lat'><strong>:</strong></span> <span class='ocrx_word' id='word_1_69' title='bbox 560 1484 626 1527; x_wconf 91' lang='lat' dir='ltr'>non</span> <span class='ocrx_word' id='word_1_70' title='bbox 641 1482 694 1526; x_wconf 91' lang='lat' dir='ltr'>me</span> <span class='ocrx_word' id='word_1_71' title='bbox 709 1483 787 1528; x_wconf 87' lang='lat' dir='ltr'>ense</span> <span class='ocrx_word' id='word_1_72' title='bbox 804 1480 863 1534; x_wconf 92' lang='lat' dir='ltr'>tuo</span> <span class='ocrx_word' id='word_1_73' title='bbox 876 1481 976 1556; x_wconf 91' lang='lat' dir='ltr'>tunc,</span> <span class='ocrx_word' id='word_1_74' title='bbox 997 1466 1139 1535; x_wconf 84' lang='lat' dir='ltr'>maxime</span> <span class='ocrx_word' id='word_1_75' title='bbox 1156 1462 1286 1557; x_wconf 87' lang='lat' dir='ltr'>Tydeu,</span> 
     </span>
     <span class='ocr_line' id='line_1_11' title="bbox 332 1564 1229 1680; baseline -0.003 -27"><span class='ocrx_word' id='word_1_76' title='bbox 332 1585 376 1651; x_wconf 87' lang='lat' dir='ltr'>Et</span> <span class='ocrx_word' id='word_1_77' title='bbox 396 1595 547 1674; x_wconf 78' lang='lat' dir='ltr'>poteras,</span> <span class='ocrx_word' id='word_1_78' title='bbox 569 1579 674 1648; x_wconf 80' lang='lat' dir='ltr'>nostri</span> <span class='ocrx_word' id='word_1_79' title='bbox 690 1599 869 1657; x_wconf 87' lang='lat' dir='ltr'>mactatum</span> <span class='ocrx_word' id='word_1_80' title='bbox 889 1591 923 1656; x_wconf 93' lang='lat' dir='ltr'>in</span> <span class='ocrx_word' id='word_1_81' title='bbox 943 1587 1056 1680; x_wconf 86' lang='lat' dir='ltr'>limine</span> <span class='ocrx_word' id='word_1_82' title='bbox 1075 1564 1229 1654; x_wconf 80' lang='lat' dir='ltr'>Adrasti?</span> 
     </span>
     <span class='ocr_line' id='line_1_12' title="bbox 333 1694 1229 1804; baseline 0.001 -31"><span class='ocrx_word' id='word_1_83' title='bbox 333 1703 425 1793; x_wconf 89' lang='lat' dir='ltr'>Quin</span> <span class='ocrx_word' id='word_1_84' title='bbox 446 1694 546 1773; x_wconf 85' lang='lat' dir='ltr'>etiam</span> <span class='ocrx_word' id='word_1_85' title='bbox 559 1707 688 1777; x_wconf 84' lang='lat' dir='ltr'>Thebas</span> <span class='ocrx_word' id='word_1_86' title='bbox 702 1732 756 1778; x_wconf 92' lang='lat' dir='ltr'>me</span> <span class='ocrx_word' id='word_1_87' title='bbox 775 1724 931 1804; x_wconf 88' lang='lat' dir='ltr'>propter,</span> <span class='ocrx_word' id='word_1_88' title='bbox 951 1724 984 1777; x_wconf 92' lang='lat' dir='ltr'>et</span> <span class='ocrx_word' id='word_1_89' title='bbox 999 1710 1100 1804; x_wconf 90' lang='lat' dir='ltr'>impia</span> <span class='ocrx_word' id='word_1_90' title='bbox 1117 1706 1229 1776; x_wconf 79' lang='lat' dir='ltr'>fratris</span> 
     </span>
     <span class='ocr_line' id='line_1_13' title="bbox 333 1826 1226 1916; baseline 0.003 -24"><span class='ocrx_word' id='word_1_91' title='bbox 333 1827 436 1894; x_wconf 89' lang='lat' dir='ltr'>Tecta</span> <span class='ocrx_word' id='word_1_92' title='bbox 448 1826 570 1916; x_wconf 87' lang='lat' dir='ltr'>libens,</span> <span class='ocrx_word' id='word_1_93' title='bbox 590 1827 677 1897; x_wconf 90' lang='lat' dir='ltr'>unde</span> <span class='ocrx_word' id='word_1_94' title='bbox 693 1827 785 1897; x_wconf 88' lang='lat' dir='ltr'>haud</span> <span class='ocrx_word' id='word_1_95' title='bbox 798 1827 884 1898; x_wconf 86' lang='lat' dir='ltr'>alius</span> <span class='ocrx_word' id='word_1_96' title='bbox 900 1843 1093 1915; x_wconf 84' lang='lat' dir='ltr'>remeasset,</span> <span class='ocrx_word' id='word_1_97' title='bbox 1107 1827 1226 1897; x_wconf 88' lang='lat' dir='ltr'>adisti:</span> 
     </span>
     <span class='ocr_line' id='line_1_14' title="bbox 333 1948 1248 2044; baseline -0.002 -28"><span class='ocrx_word' id='word_1_98' title='bbox 333 1949 405 2017; x_wconf 91' lang='lat' dir='ltr'>Ceu</span> <span class='ocrx_word' id='word_1_99' title='bbox 423 1949 554 2017; x_wconf 84' lang='lat' dir='ltr'>tibimet</span> <span class='ocrx_word' id='word_1_100' title='bbox 573 1961 705 2044; x_wconf 86' lang='lat' dir='ltr'>sceptra</span> <span class='ocrx_word' id='word_1_101' title='bbox 723 1963 758 2017; x_wconf 91' lang='lat' dir='ltr'>et</span> <span class='ocrx_word' id='word_1_102' title='bbox 775 1951 931 2044; x_wconf 84' lang='lat' dir='ltr'>proprios</span> <span class='ocrx_word' id='word_1_103' title='bbox 947 1948 1075 2019; x_wconf 86' lang='lat' dir='ltr'>laturus</span> <span class='ocrx_word' id='word_1_104' title='bbox 1093 1950 1248 2017; x_wconf 89' lang='lat' dir='ltr'>bonores.</span> 
     </span>
     <span class='ocr_line' id='line_1_15' title="bbox 334 2065 1235 2165; baseline -0.002 -28"><span class='ocrx_word' id='word_1_105' title='bbox 334 2072 407 2137; x_wconf 89' lang='lat' dir='ltr'>Jam</span> <span class='ocrx_word' id='word_1_106' title='bbox 423 2065 605 2139; x_wconf 82' lang='lat' dir='ltr'>Telamona</span> <span class='ocrx_word' id='word_1_107' title='bbox 621 2070 730 2165; x_wconf 89' lang='lat' dir='ltr'>pium,</span> <span class='ocrx_word' id='word_1_108' title='bbox 747 2072 819 2163; x_wconf 84' lang='lat' dir='ltr'>jam</span> <span class='ocrx_word' id='word_1_109' title='bbox 837 2069 970 2138; x_wconf 82' lang='lat' dir='ltr'>Thesea‘</span> <span class='ocrx_word' id='word_1_110' title='bbox 986 2070 1075 2138; x_wconf 81' lang='lat' dir='ltr'>fama</span> <span class='ocrx_word' id='word_1_111' title='bbox 1094 2069 1235 2141; x_wconf 86' lang='lat' dir='ltr'>tacebat.</span> 
     </span>
     <span class='ocr_line' id='line_1_16' title="bbox 335 2188 1284 2286; baseline -0.006 -25"><span class='ocrx_word' id='word_1_112' title='bbox 335 2190 453 2280; x_wconf 87' lang='lat' dir='ltr'>Qualis</span> <span class='ocrx_word' id='word_1_113' title='bbox 472 2205 505 2261; x_wconf 87' lang='lat' dir='ltr'>et</span> <span class='ocrx_word' id='word_1_114' title='bbox 525 2215 601 2260; x_wconf 84' lang='lat' dir='ltr'>ecce</span> <span class='ocrx_word' id='word_1_115' title='bbox 617 2191 729 2284; x_wconf 83' lang='lat' dir='ltr'>jaces?</span> <span class='ocrx_word' id='word_1_116' title='bbox 749 2216 823 2285; x_wconf 90' lang='lat' dir='ltr'>quae</span> <span class='ocrx_word' id='word_1_117' title='bbox 842 2192 988 2286; x_wconf 90' lang='lat' dir='ltr'>primum</span> <span class='ocrx_word' id='word_1_118' title='bbox 1008 2189 1145 2259; x_wconf 88' lang='lat' dir='ltr'>vulnera</span> <span class='ocrx_word' id='word_1_119' title='bbox 1161 2188 1284 2259; x_wconf 85' lang='lat' dir='ltr'>mirer?</span> 
     </span>
     <span class='ocr_line' id='line_1_17' title="bbox 335 2310 1361 2405; baseline -0.003 -26"><span class='ocrx_word' id='word_1_120' title='bbox 335 2312 420 2401; x_wconf 89' lang='lat' dir='ltr'>Quis</span> <span class='ocrx_word' id='word_1_121' title='bbox 433 2326 508 2381; x_wconf 91' lang='lat' dir='ltr'>tuus</span> <span class='ocrx_word' id='word_1_122' title='bbox 520 2312 590 2400; x_wconf 89' lang='lat' dir='ltr'>hic,</span> <span class='ocrx_word' id='word_1_123' title='bbox 606 2313 680 2405; x_wconf 91' lang='lat' dir='ltr'>quis</span> <span class='ocrx_word' id='word_1_124' title='bbox 694 2312 736 2380; x_wconf 92' lang='lat' dir='ltr'>ab</span> <span class='ocrx_word' id='word_1_125' title='bbox 749 2311 845 2380; x_wconf 92' lang='lat' dir='ltr'>hoste</span> <span class='ocrx_word' id='word_1_126' title='bbox 854 2310 978 2381; x_wconf 82' lang='lat' dir='ltr'>cruor?</span> <span class='ocrx_word' id='word_1_127' title='bbox 987 2335 1062 2405; x_wconf 82' lang='lat' dir='ltr'>quae</span> <span class='ocrx_word' id='word_1_128' title='bbox 1071 2326 1105 2380; x_wconf 92' lang='lat' dir='ltr'>te</span> <span class='ocrx_word' id='word_1_129' title='bbox 1114 2312 1264 2405; x_wconf 82' lang='lat' dir='ltr'>agmina,</span> <span class='ocrx_word' id='word_1_130' title='bbox 1276 2311 1361 2404; x_wconf 81' lang='lat' dir='ltr'>quive</span> 
     </span>
    </p>

    <p class='ocr_par' dir='ltr' id='par_1_3' title="bbox 253 2408 1148 2650">
     <span class='ocr_line' id='line_1_18' title="bbox 253 2408 1138 2530; baseline 0.001 -30"><span class='ocrx_word' id='word_1_131' title='bbox 253 2408 259 2420; x_wconf 33' lang='lat'><strong>³</strong></span> <span class='ocrx_word' id='word_1_132' title='bbox 335 2433 506 2503; x_wconf 81' lang='lat' dir='ltr'>innumeri</span> <span class='ocrx_word' id='word_1_133' title='bbox 525 2446 672 2503; x_wconf 83' lang='lat' dir='ltr'>stravere</span> <span class='ocrx_word' id='word_1_134' title='bbox 694 2432 806 2530; x_wconf 84' lang='lat' dir='ltr'>globi?</span> <span class='ocrx_word' id='word_1_135' title='bbox 826 2433 862 2503; x_wconf 95' lang='lat' dir='ltr'>ni</span> <span class='ocrx_word' id='word_1_136' title='bbox 883 2431 999 2521; x_wconf 88' lang='lat' dir='ltr'>fallor,</span> <span class='ocrx_word' id='word_1_137' title='bbox 1018 2433 1138 2527; x_wconf 87' lang='lat' dir='ltr'>etipse</span> 
     </span>
     <span class='ocr_line' id='line_1_19' title="bbox 338 2553 1148 2650; baseline -0.004 -28"><span class='ocrx_word' id='word_1_138' title='bbox 338 2554 459 2624; x_wconf 90' lang='lat' dir='ltr'>[nvidit</span> <span class='ocrx_word' id='word_1_139' title='bbox 478 2571 592 2650; x_wconf 87' lang='lat' dir='ltr'>pater,</span> <span class='ocrx_word' id='word_1_140' title='bbox 609 2571 643 2625; x_wconf 92' lang='lat' dir='ltr'>et</span> <span class='ocrx_word' id='word_1_141' title='bbox 660 2569 730 2624; x_wconf 89' lang='lat' dir='ltr'>tota</span> <span class='ocrx_word' id='word_1_142' title='bbox 748 2557 842 2624; x_wconf 85' lang='lat' dir='ltr'>Mars</span> <span class='ocrx_word' id='word_1_143' title='bbox 861 2553 995 2650; x_wconf 89' lang='lat' dir='ltr'>impulit</span> <span class='ocrx_word' id='word_1_144' title='bbox 1014 2554 1148 2622; x_wconf 73' lang='lat' dir='ltr'>hasta.»</span> 
     </span>
    </p>

    <p class='ocr_par' dir='ltr' id='par_1_4' title="bbox 239 2672 1336 3981">
     <span class='ocr_line' id='line_1_20' title="bbox 385 2672 1192 2764; baseline 0.002 -19"><span class='ocrx_word' id='word_1_145' title='bbox 385 2677 439 2746; x_wconf 90' lang='lat' dir='ltr'>Sic</span> <span class='ocrx_word' id='word_1_146' title='bbox 458 2678 523 2764; x_wconf 90' lang='lat' dir='ltr'>ait,</span> <span class='ocrx_word' id='word_1_147' title='bbox 544 2691 578 2748; x_wconf 86' lang='lat' dir='ltr'>et</span> <span class='ocrx_word' id='word_1_148' title='bbox 599 2700 741 2746; x_wconf 83' lang='lat' dir='ltr'>moerens</span> <span class='ocrx_word' id='word_1_149' title='bbox 762 2677 945 2744; x_wconf 86' lang='lat' dir='ltr'>etiamnum</span> <span class='ocrx_word' id='word_1_150' title='bbox 964 2672 1093 2746; x_wconf 87' lang='lat' dir='ltr'>lubrica</span> <span class='ocrx_word' id='word_1_151' title='bbox 1113 2676 1192 2747; x_wconf 87' lang='lat' dir='ltr'>tabo</span> 
     </span>
     <span class='ocr_line' id='line_1_21' title="bbox 337 2774 1194 2894; baseline -0.005 -23"><span class='ocrx_word' id='word_1_152' title='bbox 337 2803 407 2871; x_wconf 93' lang='lat' dir='ltr'>Ora</span> <span class='ocrx_word' id='word_1_153' title='bbox 423 2799 487 2868; x_wconf 88' lang='lat' dir='ltr'>viri</span> <span class='ocrx_word' id='word_1_154' title='bbox 508 2800 608 2894; x_wconf 85' lang='lat' dir='ltr'>tergit</span> <span class='ocrx_word' id='word_1_155' title='bbox 624 2795 796 2892; x_wconf 80' lang='lat' dir='ltr'>lacrymis,</span> <span class='ocrx_word' id='word_1_156' title='bbox 818 2794 1035 2892; x_wconf 86' lang='lat' dir='ltr'>dextramque</span> <span class='ocrx_word' id='word_1_157' title='bbox 1053 2774 1194 2894; x_wconf 85' lang='lat' dir='ltr'>reponit.</span> 
     </span>
     <span class='ocr_line' id='line_1_22' title="bbox 338 2919 1225 3014; baseline 0.003 -29"><span class='ocrx_word' id='word_1_158' title='bbox 338 2925 462 2989; x_wconf 77' lang='lat' dir='ltr'>«Tune</span> <span class='ocrx_word' id='word_1_159' title='bbox 481 2946 572 2990; x_wconf 86' lang='lat' dir='ltr'>meos</span> <span class='ocrx_word' id='word_1_160' title='bbox 592 2921 703 2990; x_wconf 82' lang='lat' dir='ltr'>hostes</span> <span class='ocrx_word' id='word_1_161' title='bbox 721 2921 788 2989; x_wconf 93' lang='lat' dir='ltr'>huc</span> <span class='ocrx_word' id='word_1_162' title='bbox 806 2941 914 3014; x_wconf 90' lang='lat' dir='ltr'>usque</span> <span class='ocrx_word' id='word_1_163' title='bbox 931 2919 1072 2989; x_wconf 77' lang='lat' dir='ltr'>exosus?</span> <span class='ocrx_word' id='word_1_164' title='bbox 1086 2937 1120 2989; x_wconf 92' lang='lat' dir='ltr'>et</span> <span class='ocrx_word' id='word_1_165' title='bbox 1138 2919 1225 2989; x_wconf 86' lang='lat' dir='ltr'>ultra</span> 
     </span>
     <span class='ocr_line' id='line_1_23' title="bbox 337 3040 1210 3137; baseline -0.001 -26"><span class='ocrx_word' id='word_1_166' title='bbox 337 3044 457 3136; x_wconf 88' lang='lat' dir='ltr'>Sospes</span> <span class='ocrx_word' id='word_1_167' title='bbox 477 3041 587 3137; x_wconf 77' lang='lat' dir='ltr'>egoln</span> <span class='ocrx_word' id='word_1_168' title='bbox 608 3055 746 3110; x_wconf 83' lang='lat' dir='ltr'>exuerat</span> <span class='ocrx_word' id='word_1_169' title='bbox 765 3043 886 3135; x_wconf 87' lang='lat' dir='ltr'>vagina</span> <span class='ocrx_word' id='word_1_170' title='bbox 904 3040 1057 3110; x_wconf 85' lang='lat' dir='ltr'>turbidus</span> <span class='ocrx_word' id='word_1_171' title='bbox 1076 3066 1210 3128; x_wconf 88' lang='lat' dir='ltr'>ensem,</span> 
     </span>
     <span class='ocr_line' id='line_1_24' title="bbox 338 3162 1180 3256; baseline 0.001 -25"><span class='ocrx_word' id='word_1_172' title='bbox 338 3162 552 3255; x_wconf 85' lang='lat' dir='ltr'>Aptabatque</span> <span class='ocrx_word' id='word_1_173' title='bbox 569 3163 664 3231; x_wconf 90' lang='lat' dir='ltr'>neci:</span> <span class='ocrx_word' id='word_1_174' title='bbox 684 3162 822 3230; x_wconf 88' lang='lat' dir='ltr'>comites</span> <span class='ocrx_word' id='word_1_175' title='bbox 843 3176 1000 3250; x_wconf 88' lang='lat' dir='ltr'>tenuere,</span> <span class='ocrx_word' id='word_1_176' title='bbox 1019 3187 1180 3256; x_wconf 89' lang='lat' dir='ltr'>socerque</span> 
     </span>
     <span class='ocr_line' id='line_1_25' title="bbox 339 3281 1114 3378; baseline 0 -26"><span class='ocrx_word' id='word_1_177' title='bbox 339 3285 505 3378; x_wconf 90' lang='lat' dir='ltr'>Castigat,</span> <span class='ocrx_word' id='word_1_178' title='bbox 524 3281 669 3377; x_wconf 90' lang='lat' dir='ltr'>bellique</span> <span class='ocrx_word' id='word_1_179' title='bbox 686 3285 776 3352; x_wconf 80' lang='lat' dir='ltr'>vices</span> <span class='ocrx_word' id='word_1_180' title='bbox 794 3307 834 3352; x_wconf 89' lang='lat' dir='ltr'>ac</span> <span class='ocrx_word' id='word_1_181' title='bbox 848 3281 916 3351; x_wconf 86' lang='lat' dir='ltr'>fata</span> <span class='ocrx_word' id='word_1_182' title='bbox 936 3281 1114 3352; x_wconf 85' lang='lat' dir='ltr'>revolvens</span> 
     </span>
     <span class='ocr_line' id='line_1_26' title="bbox 340 3399 1160 3499; baseline 0.004 -28"><span class='ocrx_word' id='word_1_183' title='bbox 340 3399 475 3471; x_wconf 89' lang='lat' dir='ltr'>Solatur</span> <span class='ocrx_word' id='word_1_184' title='bbox 493 3403 680 3492; x_wconf 90' lang='lat' dir='ltr'>tumidum,</span> <span class='ocrx_word' id='word_1_185' title='bbox 699 3401 867 3499; x_wconf 88' lang='lat' dir='ltr'>longeque</span> <span class='ocrx_word' id='word_1_186' title='bbox 883 3428 903 3471; x_wconf 90' lang='lat' dir='ltr'>a</span> <span class='ocrx_word' id='word_1_187' title='bbox 921 3427 1062 3498; x_wconf 84' lang='lat' dir='ltr'>corpore</span> <span class='ocrx_word' id='word_1_188' title='bbox 1081 3429 1160 3474; x_wconf 83' lang='lat' dir='ltr'>caro</span> 
     </span>
     <span class='ocr_line' id='line_1_27' title="bbox 340 3493 1277 3618; baseline 0.005 -28"><span class='ocrx_word' id='word_1_189' title='bbox 340 3520 537 3612; x_wconf 88' lang='lat' dir='ltr'>Paullatim,</span> <span class='ocrx_word' id='word_1_190' title='bbox 557 3523 647 3592; x_wconf 91' lang='lat' dir='ltr'>unde</span> <span class='ocrx_word' id='word_1_191' title='bbox 662 3523 778 3612; x_wconf 91' lang='lat' dir='ltr'>dolor,</span> <span class='ocrx_word' id='word_1_192' title='bbox 799 3521 924 3618; x_wconf 91' lang='lat' dir='ltr'>letique</span> <span class='ocrx_word' id='word_1_193' title='bbox 940 3525 1090 3594; x_wconf 89' lang='lat' dir='ltr'>animosa</span> <span class='ocrx_word' id='word_1_194' title='bbox 1110 3493 1277 3614; x_wconf 73' lang='lat' dir='ltr'>voluntas,</span> 
     </span>
     <span class='ocr_line' id='line_1_28' title="bbox 239 3626 1336 3742; baseline 0.005 -30"><span class='ocrx_word' id='word_1_195' title='bbox 239 3707 241 3712; x_wconf 89' lang='lat'><em>.</em></span> <span class='ocrx_word' id='word_1_196' title='bbox 339 3647 499 3733; x_wconf 84' lang='lat' dir='ltr'>Amovet,</span> <span class='ocrx_word' id='word_1_197' title='bbox 519 3669 558 3714; x_wconf 91' lang='lat' dir='ltr'>ac</span> <span class='ocrx_word' id='word_1_198' title='bbox 574 3647 672 3716; x_wconf 88' lang='lat' dir='ltr'>tacite</span> <span class='ocrx_word' id='word_1_199' title='bbox 692 3647 819 3715; x_wconf 84' lang='lat' dir='ltr'>ferrum</span> <span class='ocrx_word' id='word_1_200' title='bbox 838 3646 927 3714; x_wconf 91' lang='lat' dir='ltr'>inter</span> <span class='ocrx_word' id='word_1_201' title='bbox 945 3645 1050 3714; x_wconf 87' lang='lat' dir='ltr'>verba</span> <span class='ocrx_word' id='word_1_202' title='bbox 1068 3651 1211 3742; x_wconf 86' lang='lat' dir='ltr'>reponit</span> <span class='ocrx_word' id='word_1_203' title='bbox 1334 3626 1336 3628; x_wconf 15' lang='grc' dir='ltr'>Ι</span> 
     </span>
     <span class='ocr_line' id='line_1_29' title="bbox 340 3744 1111 3861; baseline 0.003 -25"><span class='ocrx_word' id='word_1_204' title='bbox 340 3767 497 3852; x_wconf 91' lang='lat' dir='ltr'>Ducitur,</span> <span class='ocrx_word' id='word_1_205' title='bbox 517 3767 638 3835; x_wconf 89' lang='lat' dir='ltr'>amisso</span> <span class='ocrx_word' id='word_1_206' title='bbox 658 3763 768 3861; x_wconf 90' lang='lat' dir='ltr'>qualis</span> <span class='ocrx_word' id='word_1_207' title='bbox 787 3744 942 3835; x_wconf 84' lang='lat' dir='ltr'>consorte</span> <span class='ocrx_word' id='word_1_208' title='bbox 957 3763 1111 3838; x_wconf 83' lang='lat' dir='ltr'>laborum</span> 
     </span>
     <span class='ocr_line' id='line_1_30' title="bbox 340 3884 1181 3981; baseline 0.002 -25"><span class='ocrx_word' id='word_1_209' title='bbox 340 3889 473 3956; x_wconf 83' lang='lat' dir='ltr'>Deserit</span> <span class='ocrx_word' id='word_1_210' title='bbox 491 3887 661 3981; x_wconf 90' lang='lat' dir='ltr'>inceptum</span> <span class='ocrx_word' id='word_1_211' title='bbox 681 3886 794 3956; x_wconf 88' lang='lat' dir='ltr'>media</span> <span class='ocrx_word' id='word_1_212' title='bbox 811 3887 898 3955; x_wconf 88' lang='lat' dir='ltr'>inter</span> <span class='ocrx_word' id='word_1_213' title='bbox 912 3885 1032 3981; x_wconf 82' lang='lat' dir='ltr'>jugera</span> <span class='ocrx_word' id='word_1_214' title='bbox 1051 3884 1181 3958; x_wconf 87' lang='lat' dir='ltr'>sulcum</span> 
     </span>
    </p>
   </div>
   <div class='ocr_carea' id='block_1_3' title="bbox 340 4005 1223 4104">
    <p class='ocr_par' dir='ltr' id='par_1_5' title="bbox 340 4005 1223 4104">
     <span class='ocr_line' id='line_1_31' title="bbox 340 4005 1223 4104; baseline 0.003 -26"><span class='ocrx_word' id='word_1_215' title='bbox 340 4011 470 4078; x_wconf 90' lang='lat' dir='ltr'>Taurus</span> <span class='ocrx_word' id='word_1_216' title='bbox 486 4009 590 4096; x_wconf 89' lang='lat' dir='ltr'>iners,</span> <span class='ocrx_word' id='word_1_217' title='bbox 609 4007 762 4104; x_wconf 91' lang='lat' dir='ltr'>colloque</span> <span class='ocrx_word' id='word_1_218' title='bbox 779 4010 900 4103; x_wconf 82' lang='lat' dir='ltr'>jugum</span> <span class='ocrx_word' id='word_1_219' title='bbox 920 4005 1068 4077; x_wconf 85' lang='lat' dir='ltr'>deforme</span> <span class='ocrx_word' id='word_1_220' title='bbox 1085 4011 1223 4080; x_wconf 83' lang='lat' dir='ltr'>remisso</span> 
     </span>
    </p>
   </div>
   <div class='ocr_carea' id='block_1_4' title="bbox 0 0 1494 4950">
    <p class='ocr_par' dir='ltr' id='par_1_6' title="bbox 0 0 1494 4950">
     <span class='ocr_line' id='line_1_32' title="bbox 0 0 1494 4950; baseline 0 0"><span class='ocrx_word' id='word_1_221' title='bbox 0 0 1494 4950; x_wconf 95' lang='lat' dir='ltr'> </span> 
     </span>
    </p>
   </div>
  </div>
 </body>
</html>
