2934 4950
425 381 617 442 SILVARUM
637 385 746 442 LIBER
767 387 789 442 l.

180 513 254 577 Jam
271 533 305 576 se
324 509 491 604 (quisquis
511 509 537 576 is
558 507 626 602 est)
647 510 762 604 inops,
780 511 896 581 beatus

179 629 364 709 Convivam
383 627 478 697 ducis
497 653 566 697 esse
585 629 758 724 gloriatur.

228 754 298 819 Hos
318 751 407 818 inter
427 749 594 838 fremitus,
614 775 785 847 novosque
805 750 916 843 luxus,

182 869 358 964 Spectandi
378 869 460 938 levis
479 870 596 966 effugit
614 870 779 969 voluptas.

182 993 250 1060 Stat
267 1016 364 1060 sexus
385 989 492 1078 rudis,
510 991 700 1086 insciusque
714 994 807 1081 serri,

182 1115 221 1179 Et
238 1135 368 1206 pugnas
388 1111 477 1204 capit
497 1111 669 1205 improbus
689 1112 812 1182 viriles.

184 1230 303 1298 Credas
323 1229 366 1299 ad
385 1233 540 1318 Tanaim,
560 1231 735 1325 ferumque
754 1232 892 1322 Phasin,

179 1350 492 1420 Thermodontiaeas
512 1348 619 1420 calere
638 1365 775 1420 turmas.

225 1472 287 1539 Hic
305 1469 413 1540 audax
432 1472 522 1540 subit
540 1469 625 1540 ordo
644 1469 871 1566 pumilonum‚

179 1593 268 1682 Quos
288 1593 416 1662 Natura
434 1591 527 1660 brevi
546 1605 634 1660 statu
656 1605 808 1686 peractos

179 1711 348 1782 Nodosum
368 1709 469 1780 semel
487 1713 521 1780 in
543 1708 681 1806 globum
701 1710 826 1808 ligavit

181 1831 293 1901 Edunt
311 1830 472 1918 vulnera,
491 1846 739 1925 conseruntque
756 1831 902 1922 dextras,

179 1956 220 2022 Et
238 1966 381 2021 mortem
400 1951 463 2019 sibi
482 1951 566 2047 (qua
585 1948 722 2046 manui)
742 1953 923 2024 minantur.

178 2073 276 2143 Ridet
295 2075 388 2142 Mars
407 2086 513 2166 pater,
533 2086 566 2141 et
583 2086 722 2142 cruenta
742 2074 859 2143 Virtus
880 2100 889 2142 :

179 2197 376 2287 Casuraeque
394 2193 487 2286 vagis
505 2217 604 2286 grues
622 2193 763 2287 rapinis,

178 2316 346 2383 Mirantur
364 2311 509 2407 pumilos
529 2312 716 2382 ferociores.

221 2439 296 2506 Jam
317 2434 422 2503 noetis
444 2433 655 2528 propioribus
674 2433 736 2503 sub
755 2434 882 2503 umbris

177 2559 277 2626 Dives
297 2555 423 2651 sparsio
443 2578 526 2647 quos
545 2554 614 2647 agit
634 2550 816 2623 tumultus!
906 2587 910 2595 =

159 2774 163 2779 Ι
181 2680 253 2745 Huc
270 2678 399 2744 intrant
419 2672 529 2743 faciles
548 2674 613 2742 emi
635 2671 755 2767 puellae
774 2698 783 2740 τ

179 2797 241 2865 Hic
258 2795 450 2891 agnoscitur
468 2818 569 2862 omne
589 2792 679 2887 quod
698 2792 835 2861 theatris

180 2922 247 2985 Aut
264 2915 372 2984 forma
392 2912 515 3008 placet,
535 2927 594 2982 aut
612 2912 774 3008 probatur
792 2924 872 2979 arte.

180 3040 249 3105 Hoc
270 3032 435 3131 plaudunt
454 3059 555 3130 grege
570 3030 682 3127 Lydiae
701 3045 887 3118 tumentes,

179 3153 239 3226 Illo
256 3151 423 3249 cymbala,
442 3151 644 3247 tinnulaeque
661 3152 774 3222 Gades
795 3178 803 3218 ε

178 3274 247 3347 Illic
266 3276 402 3371 agmina
419 3274 631 3343 confremunt
650 3275 826 3367 Syrorum,

180 3398 239 3466 Hic
257 3394 352 3491 plebs
370 3397 513 3481 scenica,
534 3418 672 3488 quaeque
692 3393 904 3461 comminutis

159 3498 161 3501 Ι
178 3520 346 3585 Permutat
364 3516 477 3584 vitreis
498 3511 630 3610 gregale
650 3509 765 3581 sulfur.

178 3641 267 3707 Inter
287 3660 376 3731 qua,
395 3636 505 3704 subito
526 3633 649 3702 cadunt
670 3631 783 3700 volatu

179 3760 348 3827 lmmensae
367 3754 541 3824 volucrum
560 3778 619 3848 per
639 3768 726 3823 astra
745 3752 885 3838 nubes,

180 3879 269 3967 Quas
289 3876 391 3947 Nilus
406 3900 508 3964 sacer,
528 3874 750 3967 horridusque
767 3872 897 3956 Phasis,

178 3996 266 4086 Quas
286 3996 355 4067 udo
375 3993 529 4066 Numidae
548 3994 663 4089 legunt
682 3993 742 4061 sub
763 3996 896 4061 Austro.
