2934 4950
122 447 154 507 (v.
171 447 242 510 σῳ.)
429 445 685 502 Actflttttmos
706 441 820 504 clean
841 449 863 503 t
1108 468 1165 528 ²79

119 573 318 669 Sanguinis,
339 585 372 639 et
393 595 488 640 veros
508 595 666 668 germana
685 573 819 667 expavit
836 596 974 642 amores.

119 694 269 764 Tandem
290 691 412 762 detecti
431 692 555 762 timidae
571 695 603 764 N
605 695 736 764 ereidos
752 710 853 764 astus.

170 818 283 886 Lucus
301 817 467 910 Agenorei
487 813 639 885 sublimis
658 815 701 885 ad
722 818 814 911 orgia
832 817 955 887 Bacchi

118 938 253 1027 Stabat,
273 953 307 1008 et
324 937 506 1007 admissum
526 936 610 1006 coelo
628 961 746 1007 nemus
766 965 774 1006 ε
795 938 896 1030 huius
915 939 948 1007 in
967 939 1084 1010 umbra

118 1059 299 1130 Alternum
317 1082 474 1128 revocare
491 1061 553 1153 piae
570 1060 754 1128 Trieterioa
769 1075 892 1129 matres
970 1079 974 1086 ·

117 1184 351 1270 Consuerant,
369 1179 576 1275 scissumque
596 1203 714 1275 pecus,
734 1197 890 1275 terraque
910 1180 1058 1251 revulsas

117 1307 220 1374 Ferre
239 1301 369 1389 trabes,
389 1315 569 1398 gratosque
586 1305 661 1372 Deo
677 1318 836 1396 prestare
852 1303 991 1374 furores.

116 1429 190 1494 Lex
207 1420 326 1518 procul
347 1423 395 1491 ire
416 1447 522 1492 mares
543 1449 551 1491 :
570 1424 670 1494 iterat
690 1439 858 1520 precepta
877 1424 1040 1494 verendus

115 1548 264 1631 Ductor,
283 1544 552 1638 inaocessumque
570 1544 650 1613 viris
670 1545 814 1614 edicitur
832 1560 978 1616 antrum.

115 1668 189 1736 Nec
205 1666 284 1734 satis
303 1679 355 1734 est
372 1689 380 1732 τ
396 1679 463 1734 stat
480 1663 547 1735 fine
562 1665 641 1735 dato
656 1665 837 1735 memenda
852 1667 1023 1755 sacerdos,

112 1784 345 1882 Exploretque
358 1783 485 1875 aditus,
503 1809 545 1854 ne
562 1787 637 1881 quis
658 1802 840 1856 temerator
854 1788 989 1858 oberret

113 1907 261 2002 Agmine
279 1905 423 1976 femineo
443 1932 452 1975 τ
471 1907 595 1978 tacitus
610 1909 749 1978 subrisit
765 1907 922 1978 Achillas.

112 2027 237 2116 Illum,
254 2029 412 2124 virginem
425 2028 601 2100 ducentem
617 2031 714 2126 signa
733 2045 889 2120 caterva,

114 2151 313 2246 Magnaque
329 2148 456 2220 difficili
473 2149 656 2222 solventem
672 2152 810 2222 brachia
827 2168 939 2235 motu,

116 2273 186 2365 (Et
201 2295 297 2341 sexus
311 2272 438 2366 pariter
452 2271 567 2362 decet,
583 2288 619 2342 et
632 2275 806 2345 mendacia
824 2277 940 2344 metris
950 2275 981 2369 ),

116 2394 290 2462 Mirantur
306 2395 444 2463 comites
463 2420 471 2462 :
489 2417 551 2464 nec
563 2394 634 2490 jam
655 2392 878 2491 pulcherrima
894 2396 1001 2466 turha

115 2516 295 2587 Deidamia
315 2540 398 2605 susa,
418 2530 616 2612 tantumque
630 2519 768 2593 admota
782 2519 929 2614 superbo

116 2639 278 2707 Vincitur
294 2638 448 2724 AEacide,
467 2654 631 2733 quantum
650 2642 775 2735 premit
789 2642 860 2734 ipsa
880 2664 1023 2709 somnes.

116 2760 170 2827 Ut
188 2784 265 2828 vero
284 2783 303 2827 a
322 2761 418 2843 tereti
436 2758 570 2829 demisit
589 2760 729 2829 nehrids
747 2758 853 2849 oollo,

117 2883 346 2974 Errantesque
364 2880 457 2949 sinus
475 2878 598 2950 hedera
616 2878 771 2975 collegit,
791 2895 825 2949 et
841 2880 910 2951 alte

118 3002 235 3071 Cinxit
254 3002 434 3096 purpureis
449 3000 606 3071 flaventia
626 3017 778 3097 tempora
796 3004 905 3091 vittis,

119 3121 340 3215 vibravitque
356 3122 448 3217 gravi
464 3121 657 3191 redimitum
673 3120 797 3206 missile
812 3122 946 3210 dextra3

118 3242 276 3313 Attonito
292 3257 359 3313 stat
376 3242 476 3312 turba
494 3258 605 3333 rnatu,
624 3246 793 3339 sacrisque
809 3243 936 3315 relictis

117 3362 222 3433 Illum
238 3362 365 3433 ambire
379 3360 478 3452 libet,
498 3388 690 3459 pronosque
709 3362 862 3435 attollere
878 3364 1001 3438 vultus.

119 3483 228 3577 Talis,
245 3485 303 3555 ubi
321 3486 363 3556 ad
382 3487 513 3559 Thebas
532 3488 730 3585 vultumque
749 3492 968 3586 animumque
986 3492 1113 3561 remisit

119 3608 240 3694 Evius,
254 3622 288 3677 et
305 3609 415 3703 patrio
433 3611 566 3700 satiavit
584 3626 722 3707 pectora
739 3610 840 3700 luxu3

120 3731 217 3797 Serta
230 3729 352 3816 comis,
366 3732 569 3827 mitramque
581 3729 683 3820 levat,
696 3733 916 3828 thyrsumque
931 3736 1091 3805 virentem

119 3855 259 3937 Armat,
280 3865 315 3920 et
330 3850 467 3923 hostiles
485 3852 599 3924 invisit
616 3853 733 3924 sortior
751 3852 864 3923 Indos.

173 3971 363 4042 Scandebat·
379 3998 475 4045 roseo
488 3974 591 4045 medii
611 3975 743 4073 fastigia
763 3975 838 4046 coeli
854 3998 857 4004 ’

120 4098 221 4164 Luna
235 4094 338 4190 jugo,
360 4098 439 4167 totis
456 4097 512 4167 uhi
533 4121 668 4167 somnus
688 4099 829 4171 inertior
846 4098 906 4170 alis
