2934 4950
84 441 163 506 (ulo)
375 437 570 498 SILVARUM
591 439 701 498 mm
722 441 757 496 V.
1040 441 1093 514 137

68 571 167 654 Novit,
186 583 220 637 et
239 566 400 662 inspectis
419 568 524 638 ambit
544 566 632 641 latus
650 593 752 637 omne
772 566 942 636 ministris.

67 693 120 758 Nec
137 690 284 758 mirum:
302 687 394 759 videt
415 687 470 758 ille
488 704 598 774 onus,
615 690 809 782 obitusque;
825 687 907 782 qnid
923 692 1060 776 Arctos,
1079 751 1083 760 .

66 810 141 901 Quid
158 816 281 882 Boreas
299 811 461 881 hibernus
479 824 570 907 agat,
589 810 736 904 ferrique
756 825 908 906 togaeque

66 929 211 1018 Consilia3
230 947 333 1025 atque
352 931 458 1026 ipsam
480 945 626 1002 mentem
644 931 792 1025 prohat:
814 929 870 1000 ille
889 932 1032 1012 subactis

66 1051 171 1121 llolem
191 1054 390 1122 immensam
409 1053 572 1140 humeris,
591 1067 626 1122 et
644 1053 701 1121 vix
714 1050 895 1124 ¹tractabile
915 1051 1045 1148 pondus
1064 1107 1067 1114 ,

66 1173 210 1266 inposuit
227 1169 314 1267 (nec
332 1173 423 1242 enim
442 1173 652 1262 pumerosior
671 1169 775 1240 altera
796 1195 889 1240 sacra

67 1296 137 1363 satra
151 1289 291 1388 domu),
305 1317 468 1388 magnum
484 1289 552 1361 late
568 1292 737 1362 dimittere
753 1293 788 1360 in
804 1291 919 1360 orbem

68 1414 201 1484 Romulei
221 1413 378 1483 mandata
398 1411 510 1498 ducis;
526 1413 678 1505 viresque
699 1411 883 1505 modosque

68 1537 178 1629 inperii
198 1547 340 1604 tractare
361 1558 479 1620 manu,
497 1557 573 1626 qua
588 1531 702 1602 laurus
722 1532 764 1601 ab
778 1536 899 1621 Arcto,

68 1655 141 1744 Quid
159 1681 263 1750 vagus
282 1653 487 1748 Euphrates,
505 1653 588 1748 quid
606 1655 680 1748 ripa
700 1653 882 1724 binominis
901 1656 996 1738 Istri,

68 1775 140 1864 Quid
157 1776 267 1845 Rheni
286 1771 405 1844 vexilla
426 1774 551 1862 ferant3
570 1788 734 1867 quantum
754 1771 891 1844 ultimus
907 1773 998 1844 orhis

68 1897 200 1982 (asserit,
215 1911 252 1965 et
269 1894 375 1964 rcfluo
394 1895 604 1966 circumsona
624 1895 756 1990 gurgite
772 1893 890 1968 Thule.

68 2002 167 2086 Omnia
186 2043 266 2086 nam
285 2015 376 2085 laetas
396 2014 465 2110 pila
485 2013 671 2085 attollentia
692 2015 843 2102 hondes,

71 2136 215 2232 Nullaque
235 2137 364 2207 famosa
382 2137 533 2232 signatur
552 2134 667 2206 lancea
688 2137 802 2231 pinna.

103 2261 272 2347 Praeterea,
290 2255 374 2326 fidos
394 2256 551 2326 dominus
571 2258 600 2326 si
620 2255 747 2326 dividat
762 2282 870 2344 enses,

71 2378 194 2450 Pandere
212 2379 289 2475 quis
304 2393 440 2448 centurn
456 2376 564 2447 valeat
578 2377 710 2449 frenare
727 2375 884 2472 maniplis

71 2502 264 2573 luternixtns
281 2526 400 2596 equom
418 2502 493 2595 quis
511 2502 708 2597 precepisse
726 2500 874 2585 cot10ru3·

71 2623 161 2710 Quem
180 2625 296 2694 deceat
315 2622 399 2694 clari
417 2624 627 2717 prestantior
647 2621 731 2690 ordo
752 2620 893 2710 tribuni;

72 2742 211 2829 Quisnam
230 2744 404 2837 frenigerae
423 2744 557 2837 signum
578 2742 656 2813 dare
677 2740 812 2837 dignior
831 2738 900 2811 ala.

72 2861 148 2933 llille
164 2868 265 2935 etiarn
287 2854 453 2960 praenosse
472 2864 561 2932 vices
582 2889 590 2931 ε
612 2888 656 2932 an
675 2863 827 2933 merserit
847 2886 944 2957 agros

73 2981 165 3072 Nilus,
180 3012 223 3055 an
238 2983 410 3056 imbrifero
425 2986 531 3079 Libye
547 2983 715 3053 sudaverit
730 2987 856 3053 Austro
873 3009 881 3051 :
977 2988 983 2997 '

73 3104 247 3203 Cunctaque
264 3109 292 3175 si
309 3132 499 3196 numerem,
520 3130 589 3174 non
611 3102 708 3200 plura
728 3106 911 3201 interprete
930 3102 1024 3199 virga

74 3226 193 3299 Nuntiat
208 3254 228 3299 e
242 3228 340 3298 celsis
354 3226 421 3299 ales
436 3228 631 3322 Tegeaticus
647 3226 760 3314 astris;

75 3346 202 3444 Quaque
221 3348 313 3419 cadit
334 3347 478 3443 liquidas
496 3347 641 3417 Junonia
662 3347 758 3443 virgo
778 3370 838 3442 per
856 3371 968 3431 auras,

76 3468 108 3533 Et
122 3471 283 3562 picturato
303 3468 454 3564 pluvium
475 3466 557 3562 ligat
575 3492 653 3536 aera
672 3492 772 3561 gyr03

76 3588 201 3684 Quaque
219 3605 292 3661 tuas
310 3588 423 3659 laurus
443 3588 587 3674 volucri,
604 3589 820 3677 Germanice,
835 3612 937 3658 curru

76 3708 157 3779 Fama
173 3711 278 3801 uehit,
323 3734 479 3806 regressa
501 3698 604 3795 diem,
625 3709 825 3803 tardumque
846 3710 909 3778 suh
928 3712 1025 3779 astris

77 3829 198 3921 lrcada,
213 3847 248 3902 et
264 3834 300 3901 in
315 3830 426 3901 medio
445 3831 599 3926 linquens
617 3829 863 3901 Thaumantida
882 3829 973 3900 coelo.

112 3951 246 4039 Qualem
257 3968 290 4021 te
301 3952 436 4047 Superi,
455 3950 621 4043 Priscilla,
641 3951 858 4042 hominesque
873 3950 1021 4045 benigno

78 4070 223 4163 Aspexere
238 4074 308 4163 die,
325 4099 430 4168 quum
446 4073 592 4168 primum
609 4071 800 4168 ingentibus
817 4070 900 4142 actis
