2934 4950
365 382 404 440 80
720 377 751 432 P.
772 376 893 434 PUBLlI
914 376 1037 434 srlrn

366 505 477 572 Curre
493 501 688 596 Therapnaei
704 499 852 570 lasciviat
866 525 925 570 ora
938 503 1067 596 Canopi
1085 529 1092 570 :

365 629 437 694 Cur
454 640 563 694 servet
580 625 717 695 Pharias
737 627 890 695 Iethaeus
902 627 1029 720 janitor
1044 651 1138 696 aras:

365 748 455 818 Vilia
472 775 532 819 cur
553 773 691 845 magnos
708 765 842 844 aequent
857 749 1012 820 animalia
1028 753 1157 822 Divos:

364 878 448 964 Quae
465 875 527 944 sibi
546 890 740 970 praesternat
760 876 858 944 vivax
875 873 993 946 altaria
1012 877 1173 947 Phoenix:

335 1061 339 1064 .
365 1001 461 1088 Quos
479 999 635 1094 dignetur
650 1023 763 1095 agros,
780 1014 838 1068 aut
854 1025 922 1094 quo
938 1024 972 1069 se
987 1002 1119 1095 gurgite
1138 1000 1211 1078 Nili

363 1128 497 1220 Mergat
514 1124 672 1193 adoratus
688 1124 828 1218 trepidis
842 1125 1030 1219 pastoribus
1047 1127 1141 1221 Apis.

414 1250 490 1318 Duc
502 1248 597 1318 etad
611 1249 795 1318 AEmathios
815 1273 942 1338 manes,
957 1249 1016 1319 ubi
1029 1248 1168 1345 belliger
1184 1251 1276 1319 urbis

366 1371 530 1442 Conditor
542 1369 680 1466 Hyblaeo
694 1371 847 1466 perfusus
861 1385 995 1442 nectare
1009 1372 1124 1461 durat3
1150 1415 1152 1420 ·

365 1495 648 1591 Anguiseramque
669 1497 822 1583 domum,
838 1493 961 1565 blando
978 1521 1044 1590 qua
1059 1521 1166 1566 mersa
1181 1521 1316 1567 veneno

366 1622 479 1690 Actias
492 1621 658 1691 Ausonias
673 1619 758 1715 fugit
770 1618 948 1715 Cleopatra
964 1634 1107 1690 catenas.

364 1745 480 1842 Usque
499 1760 533 1815 et
552 1746 588 1814 in
604 1742 757 1838 Assyrias
773 1744 882 1833 sedes,
899 1744 1121 1840 mandataque
1137 1762 1245 1816 castra

364 1877 584 1965 Prosequere,
600 1882 633 1938 et
647 1869 750 1938 Marti
763 1868 936 1963 juvenem,
956 1872 1046 1956 Dea,
1063 1869 1157 1939 trade
1172 1871 1306 1940 Latino.

365 1999 438 2069 Nec
455 2019 560 2065 novus
575 1994 696 2087 hospes
712 1992 799 2061 erit:
818 2018 902 2088 puer
913 1994 968 2062 hic
984 1990 1116 2063 sudavit
1130 1996 1165 2064 in
1185 1997 1286 2064 armis

365 2123 475 2193 Notus
491 2119 603 2189 adhuc
616 2132 747 2188 tuntum
763 2117 898 2212 majoris
914 2141 1052 2187 munere
1068 2117 1174 2205 clavi;

364 2249 439 2315 Jam
456 2260 569 2314 tamen
585 2257 620 2312 et
636 2258 764 2313 turmas
780 2239 869 2312 facili
882 2256 1078 2336 praevertere
1094 2269 1176 2340 gyro

365 2371 488 2458 Fortis,
503 2383 538 2438 et
553 2373 639 2442 ans
653 2364 765 2460 jaculo
781 2365 939 2437 damnare
959 2369 1104 2463 sagittas.

413 2499 503 2590 Ergo
519 2494 584 2563 erit
599 2492 656 2563 illa
670 2492 754 2581 dies,
774 2517 840 2589 qua
856 2506 889 2562 te
904 2494 1031 2587 majora
1046 2494 1184 2564 daturus

365 2622 476 2690 Caesar
495 2620 537 2689 ab
555 2618 695 2689 emerito
712 2618 828 2712 jubeat
848 2612 1015 2688 discedere
1030 2617 1137 2689 bello?

366 2750 413 2815 At
429 2769 505 2832 nos,
527 2743 592 2813 boc
612 2746 735 2812 iterum
753 2754 877 2812 stantes
898 2742 933 2811 iu
947 2739 1058 2829 litore,
1076 2758 1185 2813 vastos

366 2874 548 2942 Cernemus
565 2870 701 2958 fluctus,
716 2865 864 2962 aliasque
879 2868 1070 2963 rogabimus
1090 2893 1197 2939 auras.

414 3001 446 3068 O
467 3014 540 3067 tum
559 3012 705 3090 quantus
725 2992 800 3090 egol
822 3008 881 3064 aut
900 3008 1025 3089 quanta
1041 2997 1154 3065 votiva
1173 2999 1317 3067 movebo

366 3122 498 3193 Plectra
513 3119 597 3218 lyra!
620 3146 723 3215 quum
743 3144 797 3189 me
817 3144 938 3214 magna
955 3122 1083 3190 cervice
1104 3121 1244 3218 ligatum

365 3249 506 3322 Attolles
522 3248 683 3336 humeris,
701 3262 801 3340 atque
817 3246 852 3315 iu
871 3272 944 3317 mea
965 3263 1102 3343 pectora
1119 3250 1265 3343 primum

241 3381 245 3398 '
367 3372 541 3443 Incumbes
557 3397 576 3441 e
593 3396 705 3467 puppe
723 3396 844 3457 novus,
860 3387 1056 3467 servataque
1073 3373 1191 3443 reddes

366 3496 560 3592 Colloquia‚
577 3499 678 3591 inque
697 3498 804 3565 vicem
821 3496 946 3567 medios
963 3497 1172 3568 narrabimus
1192 3524 1314 3587 annos,

365 3624 431 3708 Tu,
448 3619 603 3714 rapidum
616 3618 827 3713 Euphraten,
848 3634 881 3689 et
896 3622 986 3715 regia
1004 3625 1139 3709 bactra,
1158 3646 1338 3715 sacrasque

365 3746 520 3840 Antiqua
540 3742 717 3840 Rabylonis
734 3769 828 3840 opes,
846 3758 880 3813 et
897 3750 1057 3839 Zeugma,
1074 3744 1200 3815 latinas

366 3868 460 3937 Pacis
480 3866 559 3954 iter3
579 3890 645 3959 qua
665 3863 763 3935 dulce
783 3891 898 3936 nemus
914 3864 1064 3935 florentis
1085 3864 1233 3953 Idumes;

365 3994 445 4082 Quo
462 3992 606 4085 pretiosa
621 3992 726 4086 Tyros
745 3990 878 4080 rubeat,
899 4014 966 4083 quo
983 4013 1133 4084 purpura
1150 3988 1226 4057 suco
