2934 4950
388 472 444 547 ¹9⁸
697 469 913 528 turannos
934 471 1045 526 arnna
1066 469 1104 524 11.
1316 467 1346 512 c..

385 593 539 666 Pollutus
554 593 683 691 placuit
701 595 849 669 batemo
867 596 1030 691 sanguine
1044 593 1190 689 Tydeus.

385 718 475 788 Hine
489 732 616 806 tumor,
633 732 669 788 et
682 715 803 811 longus
820 717 915 792 fratri
933 716 1139 811 promitteris
1159 713 1263 790 exsul.

385 840 463 932 lpse
479 841 591 908 Deum
608 839 740 934 genitor
756 839 816 911 tibi
832 863 887 908 me
903 839 1079 910 miseratus
1092 838 1135 908 ab
1151 836 1220 908 alto
1266 865 1285 908 ·.

384 959 511 1049 Mittin
529 959 616 1041 habe
632 959 781 1046 Thebas,
797 984 987 1056 meumque
1004 958 1161 1056 cupidine
1178 959 1290 1056 regni,

385 1083 622 1177 Ausummque
638 1079 755 1152 eadem
773 1106 969 1178 germanum
986 1079 1137 1177 expelle;
1153 1105 1216 1152 nec
1232 1077 1322 1154 ultra

384 1203 563 1273 Fmtemos
579 1203 766 1272 inhiantem
782 1203 895 1272 obitus
910 1203 981 1276 sinc
997 1203 1102 1272 fidere
1118 1203 1236 1296 coeptis

374 1323 590 1409 'Fraudibus,
608 1338 667 1394 aut
683 1322 812 1394 Cadmo
832 1323 985 1398 dominas
1001 1323 1125 1394 inferre
1144 1326 1338 1420 Mycenas.»

433 1447 543 1532 Dixit,
560 1459 596 1514 et
611 1443 809 1534 abscedens,
828 1447 953 1514 etenim
967 1447 1038 1540 jam
1055 1442 1180 1540 pallida
1195 1445 1333 1518 turbent

385 1565 503 1637 Sidera
519 1565 600 1639 lucis
617 1569 713 1661 equi,
733 1591 845 1638 ramos
861 1592 901 1638 ac
919 1564 1044 1638 vellera
1058 1565 1163 1638 fronti

384 1690 558 1787 Deripnit,
574 1693 745 1764 confessus
763 1713 878 1780 avum,
897 1688 1029 1784 dirique
1047 1691 1179 1786 nepotis
1344 1778 1350 1790 ·

383 1812 543 1882 Incubuit
558 1815 668 1885 stratis
683 1810 863 1909 :jugulum
880 1836 960 1882 mox
979 1809 1070 1882 cede
1082 1824 1256 1906 patentem

384 1933 418 2003 N
419 1932 519 2022 udat,
534 1949 569 2004 et
587 1934 727 2005 undanti
743 1931 918 2030 perfundit
933 1931 1075 2003 vulnere
1090 1957 1260 2008 somnum·

432 2051 487 2124 Illi
505 2069 606 2152 rupta
620 2057 736 2151 quies;
755 2054 877 2126 attollit
895 2055 1067 2145 membra,
1083 2069 1226 2150 tomque

385 2174 534 2270 Erigitur
553 2176 672 2272 plenus
690 2178 870 2264 monstris,
885 2201 1077 2271 vanumque
1092 2201 1246 2247 cruorem

384 2297 585 2389 Excutiens,
605 2297 704 2371 simul
721 2299 840 2369 horret
854 2321 973 2384 avum,
989 2297 1196 2393 fratremque
1209 2298 1361 2393 requirit.

388 2417 507 2509 Qualis
524 2420 584 2491 ubi
600 2419 718 2491 audito
732 2433 916 2496 venantum
935 2441 1112 2491 murmure
1130 2419 1226 2515 tigris

386 2544 527 2613 Horruit
544 2543 581 2611 in
600 2541 766 2633 maculas,
782 2566 986 2637 somnosque
1001 2542 1145 2613 excussit
1163 2543 1309 2629 inertem

386 2662 477 2733 Bella
494 2666 606 2760 cupit,
623 2661 781 2759 laxatque
798 2688 915 2761 genam
934 2676 1148 2757 attemperat
1164 2688 1313 2763 unguem

385 2786 467 2857 Mox
484 2786 553 2855 ruit
570 2786 606 2858 in
623 2799 767 2875 turmas,
785 2787 938 2880 natiqu
954 2782 1111 2855 alimenta
1130 2791 1277 2859 cruentis

385 2909 576 3003 spirantem
593 2906 657 2977 sert
673 2932 733 2977 ore
750 2907 862 2977 virum
881 2932 890 2975 :
910 2908 958 2977 sic
976 2909 1099 2981 excitus
1121 2914 1171 2982 ira

386 3032 534 3118 Ductor,
553 3029 589 3099 in
607 3028 778 3097 absentem
797 3035 964 3103 consumit
984 3031 1100 3129 proelia
1119 3032 1267 3103 fratrem.

434 3156 478 3221 Et
492 3151 564 3246 jam
578 3153 770 3251 Mygdoniis
786 3153 873 3225 elata
892 3152 1059 3227 cubilibus
1073 3151 1144 3225 alto

386 3272 571 3367 Impulerat
589 3274 674 3347 coelo
691 3276 817 3373 gelidas
834 3280 967 3348 Aurora
983 3276 1153 3364 tenebras,

386 3398 552 3468 Rorantes
569 3422 705 3469 excussa
722 3422 853 3489 comas,
870 3397 1081 3493 multumque
1099 3401 1254 3492 sequenti

387 3516 463 3590 Sole
480 3518 627 3589 rubens:
646 3517 695 3590 illi
714 3545 830 3593 roseus
849 3546 908 3616 per
926 3518 1042 3590 nubila
1059 3546 1148 3591 seras

388 3637 541 3710 Advertit
556 3639 722 3731 flammas,
742 3640 956 3736 alienumque
973 3642 1097 3714 athera
1115 3641 1211 3713 tardo

387 3759 522 3830 Lucifer
537 3762 607 3830 exit
623 3786 726 3857 equo,
746 3762 852 3833 donec
872 3777 966 3857 pater
984 3763 1101 3857 igneus
1117 3762 1232 3833 orbem

386 3878 548 3976 impleat,
564 3896 666 3977 atque
682 3884 748 3978 ipsi
766 3883 877 3954 radios
892 3898 981 3955 vetet
996 3909 1067 3955 esse
1083 3885 1200 3955 sorori.

436 4005 553 4092 Quum
573 4006 684 4075 senior
698 4004 914 4095 Talaonides,
930 4032 992 4077 nec
1009 3980 1115 4103 ionga·
1129 4008 1249 4077 morati

387 4124 604 4220 Dircaeusque
620 4128 764 4221 gradum
781 4132 972 4223 pariterque
990 4128 1168 4199 Acheloius
1188 4131 1286 4199 heros

1360 465 1414 526 ιώ.)
