2934 4950
318 456 372 512 305
691 454 989 512 Annorfflonrs

356 572 416 628 Nec
435 589 566 646 supemm
587 570 649 626 sine
669 582 762 626 niente
783 567 826 647 (v.
856 568 936 649 452).
958 569 1069 642 lnjuria
1092 570 1241 646 displicuit
1268 574 1317 628 hic
1342 595 1362 627 r.

317 669 431 742 Guyeto
446 685 453 719 ε
469 665 520 720 etsi
535 663 614 720 deest
627 662 658 719 in
670 665 725 718 ΜΒ
735 674 765 719 et
777 663 964 738 Lugdunensi
972 664 1073 739 aliquo
1084 683 1131 739 ap.
1144 665 1260 736 Rutu,
1275 685 1365 726 necu-

316 759 406 816 carius
419 769 462 814 est
479 769 590 828 tamen,
608 757 632 814 si
647 755 712 832 quis
726 757 811 814 alius..
958 757 961 760 ’

360 853 474 907 Assucti
491 852 582 908 tendit
598 853 756 907 retinacula
775 852 844 906 saci
857 848 896 928 (v.
912 848 993 928 470).
1011 849 1105 908 Prima
1123 870 1184 908 vox
1199 869 1261 926 pro
1282 855 1368 929 glocca
1464 895 1465 898 η

318 958 379 1003 crat
393 946 423 1002 in
437 948 493 1002 ΜΒ
508 957 536 1002 et
550 946 585 1004 al.
604 947 716 1015 Barth,
730 945 783 1020 qui
798 945 919 1002 intentu
934 965 1000 1002 cum
1010 947 1077 1003 Pil:
1091 948 1227 1003 «adversi
1238 948 1370 1018 tendit„
1463 1019 1465 1024 1

317 1044 399 1118 quod
413 1062 520 1099 verum.
536 1046 619 1114 Post,
637 1063 664 1098 v.
681 1049 738 1113 472
756 1041 989 1115 :oudumjam
1003 1055 1063 1098 tum
1080 1054 1124 1100 eet
1135 1061 1192 1118 pro
1212 1044 1279 1117 jam
1294 1046 1370 1102 olim.

317 1139 392 1193 MB:
407 1140 516 1193 utr'rram
531 1137 677 1211 primum,
699 1153 734 1192 ex
749 1137 852 1212 glossa.
1463 1169 1465 1214 !

360 1230 439 1287 cene
461 1227 618 1303 stacfama
638 1228 675 1306 (v.
698 1226 779 1306 474).
800 1229 865 1287 scil.
887 1229 939 1286 sed
960 1247 1016 1305 ego
1036 1231 1174 1288 reducem
1190 1230 1305 1288 fimrn
1323 1246 1373 1288 ex·
1463 1227 1465 1266 ³

317 1323 450 1396 spectavi.
1463 1331 1465 1406 j

359 1418 386 1472 T
380 1427 510 1472 aceretem
519 1414 557 1495 (r.
574 1415 652 1494 497).
662 1419 725 1489 Est,
740 1417 856 1494 opinor,
868 1427 1116 1491 conquerentem,
1129 1435 1192 1473 non
1204 1416 1374 1491 ejulantem.
1463 1469 1465 1486 ,

316 1509 403 1566 initio
417 1529 516 1568 versus
529 1512 584 1566 ΜΒ
599 1531 606 1566 ε
620 1513 674 1566 sed
685 1531 739 1569 mc.

358 1605 470 1660 Prema
495 1622 597 1660 manus
622 1605 714 1661 liceret
734 1607 766 1660 in
789 1604 878 1660 herba
895 1601 936 1682 (r.
960 1601 1039 1681 504).
1062 1619 1215 1672 «Διατικῶς
1232 1603 1376 1678 exprmsit

317 1707 427 1753 aetatem
441 1718 449 1753 ε
463 1715 530 1752 nam
548 1696 579 1752 in
594 1707 674 1754 actru
691 1698 820 1756 ludicros
840 1717 931 1772 quum
946 1715 1049 1754 somno
1064 1696 1219 1772 requiescit
1235 1697 1375 1765 infantia,

317 1788 458 1866 quicquid
472 1791 611 1860 tenuerit,
630 1810 691 1847 non
705 1791 877 1866 relinquit.»
892 1793 978 1847 Lacr.

361 1885 475 1940 Occidis
492 1882 531 1962 (v.
548 1881 627 1962 538).
648 1886 704 1940 ΜΒ
721 1895 751 1940 et
763 1884 835 1941 alirn
855 1885 995 1953 :occidit,
1008 1883 1075 1940 sort.
1089 1903 1165 1941 vere.
1190 1933 1193 1938 .

357 1975 544 2032 Echauccrat
556 1977 644 2031 ictum
659 1973 697 2054 (v.
717 1974 796 2055 563).
818 1976 854 2033 ld
866 1988 909 2032 est
927 1977 1042 2033 inanem
1055 1976 1231 2033 reddiderat.

360 2071 423 2125 Sive
435 2070 497 2124 deis
503 2109 514 2138 ,
531 2070 765 2144 unicamquedeis
774 2089 908 2126 concessa
920 2071 1058 2145 voluptas
1071 2066 1110 2148 (v.
1121 2066 1199 2148 568).
1209 2069 1288 2126 Satis
1301 2072 1376 2142 hoc,

318 2163 369 2220 sed
388 2163 509 2218 nimium
527 2163 609 2238 quod
631 2163 741 2237 prebet
759 2165 829 2235 ΜΒ,
852 2182 868 2219 a
888 2163 1008 2221 Barthio
1025 2162 1066 2220 sic
1086 2162 1257 2220 dntinmus:
1275 2189 1290 2216 ι
1306 2167 1376 2223 Sit-e

318 2257 404 2328 deus,
426 2255 609 2332 utinamque!
630 2255 690 2313 dcis
708 2255 839 2314 nocuisse
860 2258 1004 2332 voluptas.
1018 2282 1031 2308 »
1052 2259 1140 2333 Vulg.
1160 2257 1245 2313 etiem
1265 2259 1377 2316 habuit

318 2349 398 2408 Lact.

362 2443 466 2501 Fracto
484 2445 631 2521 gemuistis
647 2446 802 2516 arundine,
821 2446 919 2503 Formi
935 2449 973 2523 (v.
994 2439 1073 2523 ὅθι).
1093 2446 1212 2505 «Cannu
1228 2454 1257 2500 et
1276 2445 1377 2502 ferula

319 2550 496 2595 coronantur
508 2539 599 2596 Fauni
614 2560 621 2596 :
637 2541 696 2596 haec
711 2551 879 2597 ornamenta
893 2558 944 2595 sua
956 2540 1011 2596 hos
1031 2540 1229 2595 comminuisse
1249 2552 1378 2597 mortuo

319 2641 449 2705 serpente
463 2645 681 2705 commemorat,
699 2653 780 2690 more
797 2634 955 2711 lugentum.
970 2658 982 2683 a
996 2634 1086 2689 Lacr.

359 2726 548 2781 Nimicorira
557 2728 611 2782 deo
624 2724 663 2805 (v.
681 2723 760 2803 585).
775 2726 875 2796 «Quia
880 2722 999 2798 justius,
1013 2744 1106 2800 quum
1120 2726 1185 2799 plus
1192 2729 1381 2800 peccaverit,

319 2818 463 2891 punietur.
480 2843 493 2869 υ
511 2820 600 2876 Lacr.
616 2839 668 2877 ern.
684 2820 779 2876 ecod.
798 2819 884 2876 Paris.

360 2911 524 2987 Statsupcr
539 2914 707 2990 impendens
725 2911 764 2992 (v.
784 2911 865 2991 ὅσα).
884 2914 955 2989 neg.
978 2933 990 2969 ι
1013 2934 1022 2970 :
1046 2916 1138 2971 «Jam
1157 2923 1251 2986 stupet
1267 2912 1351 2988 impss
1369 2940 1381 2961 ι

347 3005 443 3076 Quos.
455 3024 545 3080 arguo
558 3007 658 3065 divos?
671 3004 711 3086 (v.
728 3002 809 3084 622).
827 3009 883 3062 ΜΒ
898 3026 906 3062 :
920 3008 994 3062 «ced
1010 3007 1086 3064 euim
1103 3024 1194 3082 arguo
1202 3004 1271 3061 di·
1290 3007 1381 3062 Illud

320 3107 415 3154 tamen
427 3117 528 3155 verum
541 3120 601 3157 esse
617 3101 743 3160 ridetur.
806 3149 808 3152 .

358 3193 459 3249 Persei
471 3194 577 3249 vertice
590 3194 692 3251 monu‘s
712 3192 751 3272 (r.
770 3191 849 3270 640).
865 3196 901 3249 V.
920 3194 958 3251 ad
978 3195 1166 3266 111,6lr.1n
1185 3211 1243 3267 seq.
1260 3212 1291 3247 r.
1315 3196 1381 3251 ali·

321 3298 393 3362 quot
410 3288 507 3343 Barth.
529 3298 558 3343 ct
578 3288 695 3343 alcum
712 3288 783 3363 Reg.
805 3306 818 3344 1
840 3298 869 3344 et
893 3288 960 3345 edd.
981 3298 1051 3345 antt.
1067 3306 1075 3342 ε
1089 3304 1213 3343 averso...
1230 3286 1383 3356 Tamti,

321 3378 404 3453 quod
418 3379 455 3435 de
474 3398 562 3435 manu
576 3379 661 3436 statii
675 3399 734 3437 esse
749 3390 832 3455 puto.

359 3474 514 3546 Lemmquc
527 3471 631 3545 cirfhrre
641 3474 774 3551 parabat
789 3471 828 3552 (v.
845 3470 927 3552 659).
946 3474 1039 3550 Magis
1052 3472 1211 3531 statianum
1225 3471 1315 3545 quod
1335 3486 1385 3531 ut

319 3565 350 3622 in
369 3567 424 3621 ΜΒ
439 3584 447 3621 2
461 3568 480 3620 l.
499 3567 625 3623 immane
636 3567 774 3644 parabat.
798 3568 898 3623 Paullo
916 3579 997 3641 post,
1015 3586 1043 3623 v.
1069 3565 1145 3637 662,
1163 3563 1277 3640 prefert
1297 3567 1385 3623 Bar·

320 3658 397 3713 thius
415 3656 506 3729 ejusd
529 3659 594 3715 cod.
615 3661 679 3716 lect.
704 3681 711 3715 ε
733 3660 843 3731 objecta
852 3672 1004 3737 protentat
1021 3670 1143 3737 pectom
1153 3676 1278 3736 parma,
1301 3662 1383 3735 quia

320 3752 434 3827 Tydeus
448 3752 656 3809 consideratior
668 3754 817 3811 inducitur
830 3756 976 3829 Capaneo.

362 3846 559 3920 Perstriagnnt
571 3848 677 3903 lumine
690 3844 728 3925 (v.
744 3846 823 3926 666).
838 3848 896 3905 Sed
913 3846 999 3903 codd.
1014 3846 1170 3903 Lindenhr.
1186 3868 1194 3902 z
1206 3857 1330 3923 pmtr.

362 3938 482 3995 Socioe...
498 3940 580 3994 uittoe
593 3936 632 4017 (v.
647 3938 727 4017 668).
742 3943 765 3997 Ι.
782 3960 807 3997 e.
826 3941 971 3998 sociorum
993 3958 1164 4015 regnorum,
1179 3940 1248 4015 quia
1267 3958 1385 4017 regum

320 4050 439 4107 quoque
451 4030 532 4087 vitta.
545 4031 620 4089 vide
634 4034 775 4091 Bernartii
790 4035 829 4091 ad
843 4036 872 4091 h.
886 4036 905 4091 l.
919 4052 1072 4093 cremum
1086 4034 1124 4091 de
1137 4036 1233 4104 vitto,
1244 4052 1277 4109 p.
1295 4044 1384 4107 ²47-

321 4124 380 4181 250
392 4123 437 4181 ed.
453 4124 568 4199 Crucei,
582 4146 669 4203 quem
683 4129 723 4185 ita
735 4128 851 4205 repetiit
870 4128 902 4185 in
922 4148 973 4187 sua
991 4128 1037 4186 ed.
1051 4128 1223 4200 Lemurios,
1233 4138 1269 4184 ut
1283 4128 1384 4187 omit-
