2934 4950
191 501 196 514 ,
234 415 235 418 ¹
333 451 390 520 ³48
707 453 1007 510 Annorurmnes

330 574 431 645 visam,
445 571 526 646 cujus
540 571 654 648 ignibus
669 592 734 628 cum
749 571 829 650 [fort.
846 577 924 644 lum,
940 573 959 628 i.
974 593 998 630 e.
1013 573 1147 652 primum]
1156 573 1293 650 flagrasse
1302 577 1385 632 Idan
1463 573 1465 610 Ῑ

331 685 363 722 ec
382 686 450 722 mox
464 666 649 722 continuante
665 663 778 722 flamma
791 666 912 722 deorum
929 667 1048 723 delubra
1061 669 1238 724 concremari
1251 689 1385 727 omnem·
1463 673 1465 676 ⁴

333 779 390 834 que
405 761 547 816 civitatem
561 760 590 815 in
601 761 715 828 ¹cineres
735 763 907 835 conlapsam.
928 761 1000 817 lude
1014 781 1084 837 ergo
1100 763 1139 817 ait
1154 783 1162 818 ε

435 935 554 1002 Plenaque
568 932 671 984 materni
686 933 792 984 reterens
807 934 917 1001 presagia
931 935 1037 985 mmai.»

329 1101 396 1157 Haec
409 1101 555 1175 supposita
569 1099 708 1157 inlocum
722 1099 893 1174 antiquioris
908 1100 1009 1156 scholii
1028 1101 1066 1156 ad
1082 1121 1109 1156 r.
1130 1120 1177 1157 αα.
1194 1103 1261 1158 Sine
1276 1123 1385 1160 neces-
1463 1089 1465 1094 ’

329 1191 411 1249 ritate
429 1193 575 1270 castigavit
593 1193 725 1249 Menkius
741 1213 747 1247 :
762 1192 914 1249 «incautas
928 1196 1004 1249 clam
1017 1195 1215 1269 depopulatus.
1227 1219 1244 1245 ι

372 1286 430 1342 Sed
444 1289 556 1342 tardum
574 1299 634 1352 est,
651 1284 719 1356 jam
733 1288 826 1362 plena
840 1283 877 1361 (v.
896 1282 956 1363 47).
971 1287 1040 1342 Exc.
1054 1289 1140 1362 Burg.
1156 1306 1163 1340 :
1177 1307 1221 1343 us.
1239 1288 1384 1356 tardum:

331 1382 418 1453 plena
431 1391 474 1436 est
486 1379 536 1454 inj.
547 1403 563 1431 a
576 1379 688 1436 Deinde
705 1381 845 1434 secundus
858 1381 972 1454 liariter
983 1391 1025 1435 est
1033 1382 1194 1454 Neptunus„
1463 1383 1465 1394 ³

372 1489 509 1561 AEquorea
528 1486 653 1561 diffusus
674 1496 790 1542 nectare
810 1483 849 1563 (v.
866 1482 925 1564 53).
948 1510 964 1538 ι
977 1487 1102 1544 Praebito
1123 1507 1141 1544 a
1160 1507 1273 1544 summo
1291 1490 1384 1546 maris

329 1578 457 1634 domino.
480 1580 534 1634 Vel
561 1579 643 1654 quod
668 1578 858 1636 conveniebat
886 1591 996 1635 naturae
1020 1599 1221 1654 aequoreorum
1256 1580 1383 1637 deorum
1463 1583 1465 1598 ²

329 1673 474 1728 alendae.»
492 1675 591 1730 Gnoss.

369 1768 580 1842 Scopulosaque
597 1778 659 1822 cete
673 1763 711 1843 (v.
728 1763 785 1843 55).
800 1767 992 1840 Scopulomm
1006 1768 1128 1840 speciem
1141 1766 1312 1840 praebentia.
1463 1826 1465 1833 ,

369 1873 528 1928 Pensamus
540 1873 669 1948 proernia
688 1873 800 1947 palmae
816 1869 855 1950 (r.
876 1868 936 1950 69).
962 1889 978 1925 2
1004 1874 1094 1949 llegg.
1115 1893 1121 1927 :
1144 1874 1280 1947 agundia
1303 1893 1352 1950 p.‚
1366 1902 1381 1925 ι
1463 1855 1465 1872 ¹

329 1967 410 2040 quod
425 1985 491 2022 sane
508 1985 608 2022 verum
621 1985 681 2022 esse
694 1965 817 2022 videtur.
1027 1986 1029 1990 ·
1463 1954 1465 1961 ¹

369 2077 428 2128 Aut
435 2072 571 2148 pennitte
574 2070 685 2144 siecum
699 2069 738 2140 (r.
753 2071 810 2148 73).
826 2074 871 2128 Sc.
892 2072 978 2142 mihi,
996 2091 1032 2128 ex
1050 2092 1131 2147 seqq.
1147 2073 1322 2131 Wakefield.
1342 2079 1382 2130 ad

330 2169 452 2235 Lucret,
468 2185 508 2237 rr,
523 2167 596 2241 692,
610 2165 689 2221 malit
705 2167 769 2221 «Et
781 2185 847 2240 p.‚n
864 2167 922 2222 hoc
937 2185 1020 2223 sensu
1034 2186 1042 2220 ε
1060 2168 1160 2223 Obrue
1172 2185 1289 2242 puppes
1303 2169 1380 2225 freto
1463 2197 1465 2202 ·

329 2259 430 2318 emisso
444 2251 473 2316 et
486 2259 548 2316 illas
563 2259 737 2334 corripiente
1463 2251 1465 2288 ²

367 2357 473 2411 Ductor
484 2373 623 2430 aquarum
637 2350 675 2431 (v.
697 2350 756 2431 78).
771 2354 857 2410 Multi
870 2353 955 2410 codd.
975 2373 983 2407 ε
1002 2375 1018 2405 u
1027 2366 1119 2409 rector
1129 2373 1174 2430 aq.
1185 2378 1201 2405 n

369 2464 482 2519 Funera
500 2475 624 2519 matrum
647 2458 689 2540 (v.
712 2459 782 2539 85)l
795 2461 905 2521 Wakef.
921 2462 964 2517 ad
980 2464 1103 2533 Lucret,
1118 2483 1172 2533 111,
1188 2460 1247 2537 893
1264 2484 1272 2518 :
1287 2488 1303 2515 ι
1313 2465 1378 2518 uut-

328 2575 397 2611 nera
412 2575 449 2611 m.
465 2579 480 2607 a
498 2556 555 2612 Sed
568 2557 625 2611 hoc
639 2554 708 2611 dicit
726 2574 733 2611 :
750 2575 810 2612 non
831 2568 865 2612 tu
879 2558 939 2612 sola
953 2556 1038 2611 trinus
1057 2556 1190 2627 habebis,
1203 2557 1257 2613 sed
1274 2570 1378 2613 matres
1463 2612 1465 2615 Α

328 2648 412 2705 etiam
433 2649 571 2725 Phrygiae.
589 2682 630 2692 -
649 2650 715 2724 Seq.
731 2670 758 2705 r.
775 2651 856 2707 MSS.
873 2649 1077 2723 Oudendorpii
1095 2670 1142 2723 ap.
1163 2652 1321 2707 Burmann.
1339 2652 1380 2704 ad
1463 2714 1465 2743 =

328 2742 445 2797 Anthol.
464 2744 528 2809 lat,
550 2742 607 2797 vol.
630 2761 657 2813 ι,
671 2762 701 2817 p.
717 2743 753 2814 73
770 2764 777 2798 :
792 2745 903 2817 tepidos
916 2746 1000 2799 ruodo
1010 2746 1147 2818 sanguiue
1159 2745 1267 2799 Teucro
1282 2746 1314 2799 tl.
1333 2766 1356 2799 a

370 2848 508 2903 Hectoreo
529 2848 656 2903 tardabit
662 2848 769 2919 funere
784 2865 881 2905 currus
894 2848 933 2925 (v.
948 2847 1007 2926 88).
1021 2849 1148 2905 Statiana
1160 2850 1251 2926 magis
1267 2862 1298 2907 et
1310 2870 1378 2908 ven

327 2959 373 2995 me
380 2939 477 3013 judice
492 2950 534 2996 est
542 2942 628 2997 lectio
642 2941 781 2997 Lactantii
790 2984 798 3013 ,
808 2942 971 3011 etimn,nisi
983 2942 1075 3013 fallor,
1089 2942 1120 2997 in
1133 2943 1197 3016 ipso
1206 2954 1292 2999 textu
1304 2964 1375 2999 con·

327 3033 425 3107 spicue
435 3024 542 3089 codicis
555 3036 625 3109 lleg.
643 3036 738 3102 8040:
753 3045 797 3090 ut.
810 3037 937 3108 pondere
948 3055 1003 3104 c.‚n
1019 3036 1100 3108 cujus
1114 3038 1203 3091 altera
1219 3039 1312 3112 glossa
1325 3049 1374 3094 est

328 3126 408 3182 ldem
423 3126 488 3181 cod.
502 3126 539 3183 ad
553 3146 611 3201 seq.
627 3148 653 3182 v.
670 3148 676 3183 :
692 3152 704 3179 a
718 3128 783 3185 Hoc
802 3128 922 3203 quidem
937 3130 1025 3187 habet
1038 3129 1133 3185 fabula
1149 3149 1156 3183 :
1177 3132 1334 3205 Neptunus
1347 3143 1375 3187 et

326 3220 434 3292 Apollo
462 3220 555 3293 Trojre
579 3219 792 3277 fabricaverunt
813 3241 914 3277 muros
933 3242 950 3278 a
971 3223 1168 3279 Laomedonte
1190 3224 1302 3298 rogati3
1325 3224 1374 3279 sed

327 3322 438 3368 constat
455 3300 681 3370 Laomedontem
694 3332 781 3389 supra
795 3315 878 3371 dictis
891 3316 954 3372 Diis
968 3327 1072 3371 certam
1091 3315 1203 3373 vovisse
1224 3318 1372 3390 pecuniam

326 3404 364 3461 ad
376 3423 452 3461 sacra
468 3406 612 3477 facienda,
631 3425 718 3481 quarn
731 3418 799 3480 post
812 3408 958 3464 conditam
969 3410 1086 3481 Trojam
1100 3409 1171 3465 dare
1182 3411 1287 3466 noluit.
1297 3414 1373 3485 Ergo

326 3500 418 3553 Deum
437 3498 538 3554 iratum
556 3500 696 3570 ostendit,
710 3520 801 3574 quum
820 3501 889 3557 dicit
907 3502 1004 3557 muros
1017 3502 1160 3574 Trojanos
1174 3522 1264 3578 opem
1286 3505 1371 3558 irrata

327 3608 392 3646 esse.
407 3590 491 3648 Unde
505 3592 640 3669 Virgilius
656 3592 748 3671 [AEn.‚
766 3614 807 3665 11,
822 3592 893 3671 611]
905 3594 942 3652 de
956 3596 1102 3654 eversione
1117 3598 1212 3669 Trojae
1226 3618 1233 3652 ι

430 3769 556 3834 Neptunus
570 3784 652 3819 muros
665 3785 798 3837 magnoque
813 3781 891 3820 emota
907 3768 1003 3821 tridenti

431 3850 596 3903 Fundamenta
611 3853 714 3919 quintil.»

366 4015 522 4073 credideris
541 4014 580 4097 (v.
601 4017 661 4097 91).
676 4024 747 4097 Reg.
766 4040 776 4077 1
801 4043 807 4075 ε
826 4022 959 4092 credetur,
975 4035 1008 4079 ut
1023 4025 1155 4082 lllenlrius
1171 4026 1337 4099 conjecerat.

365 4110 470 4167 Gavisa
482 4114 549 4168 locr's
565 4110 602 4192 (r.
622 4114 696 4193 104).
712 4116 758 4172 Fr.
777 4117 871 4175 Modii
885 4117 950 4174 cod.
966 4138 974 4172 :
989 4120 1051 4175 loci.
