2934 4950
352 369 389 428 86
708 369 740 423 P.
763 366 887 424 runnu
909 366 1031 424 8ΤΔΤ11

350 496 435 584 Quis
451 493 592 566 sublime
606 494 705 566 doctu
720 494 927 586 formamque
944 492 1081 586 insignis
1098 494 1244 560 utnaeae

351 617 505 689 Nesciat?
519 615 610 687 hand
620 640 812 710 quanquam
825 614 962 708 proprio
977 611 1059 683 mihi
1074 611 1206 705 ooguita
1222 611 1314 680 visu
1332 661 1350 694 ,

351 736 418 808 Sed
434 735 533 808 decus
546 738 704 808 eximium
717 737 832 806 sormae
845 759 907 830 par
922 731 1029 804 reddit
1045 733 1156 828 imago

352 858 528 946 Vultibus,
543 873 577 928 et
593 857 707 928 similis
723 872 880 926 natorum
897 856 1003 951 gratia
1018 866 1193 924 monstrat.

350 980 422 1051 Nee
438 979 574 1074 vulgare
589 1003 718 1074 genus:
740 977 861 1064 fasces,
879 999 1108 1069 summamque
1124 970 1284 1042 curulem

352 1104 376 1169 F
378 1115 482 1188 rator,
499 1115 533 1170 et
549 1103 714 1170 Ausonios
731 1125 842 1190 enses,
861 1097 1082 1192 mandataque
1100 1095 1187 1167 fidus

351 1220 452 1315 Signa
473 1220 570 1310 tulit,
590 1247 694 1316 quum
710 1223 818 1316 prima
836 1237 943 1291 truces
959 1219 1104 1290 amentia
1118 1222 1227 1301 Dacos

352 1341 508 1436 Impulit,
526 1358 560 1413 et
576 1369 700 1442 magno
715 1369 795 1440 gens
813 1358 862 1413 est
882 1342 1040 1450 damnata
1059 1340 1240 1434 triumpho.
1303 1425 1311 1444 ι

399 1464 454 1531 Sic
468 1463 627 1559 quicquid
642 1466 750 1560 patrio
766 1479 926 1534 oessatum
940 1478 991 1533 est
1005 1462 1184 1557 sanguine,
1200 1473 1325 1530 mater

352 1581 528 1672 Reddidit3
545 1585 788 1679 obscurumque
804 1583 890 1654 latus
903 1572 1082 1678 'clarescere
1098 1579 1181 1650 vidit

352 1704 529 1774 Connubio
545 1706 658 1799 gavisa
673 1702 803 1774 domus.
822 1707 893 1776 Nec
911 1705 1049 1800 pignora
1065 1701 1187 1797 longe:

351 1824 486 1919 Quippe
501 1824 552 1892 bis
573 1824 615 1893 ad
633 1839 748 1918 partus
764 1826 854 1894 venit
869 1825 1018 1908 Lucina,
1035 1847 1201 1916 manuque

346 1931 428 2037 'Ipsa
444 1942 507 2012 levi
525 1942 680 2039 gravidos
696 1945 806 2038 tetigit
820 1943 961 2016 fecunda
976 1942 1115 2014 labores.

353 2062 458 2151 Felix,
479 2061 540 2134 ah!
561 2066 589 2134 si
608 2043 707 2159 ionga
728 2064 815 2154 dies,
835 2065 862 2134 si
882 2089 1014 2136 eernere
1033 2063 1145 2133 vultus
1209 2141 1215 2163 Ι

352 2185 518 2256 Natorum
529 2185 715 2279 viridesque
727 2211 828 2282 genas
843 2186 902 2256 tibi
913 2189 1006 2281 justa
1016 2183 1181 2256 dedissent

215 2407 221 2418 1
352 2301 518 2376 Stamina!
534 2304 592 2375 sed
606 2305 715 2376 media
729 2306 876 2378 oecidere
888 2307 1031 2402 abrupta
1045 2301 1181 2400 juventa

352 2424 507 2515 Gaudio,
525 2426 744 2523 florentesque
760 2453 861 2499 manu
877 2427 973 2499 scidit
990 2434 1135 2523 Atropos
1152 2451 1280 2513 annos3

353 2544 475 2636 Qualia
491 2546 650 2643 pallentes
666 2549 834 2625 declinant
849 2548 918 2620 lilia
935 2546 1079 2637 culmos,

352 2670 556 2740 Pubentesve
574 2695 657 2741 rosa
673 2672 799 2766 primos
815 2672 1006 2741 moriuntur
1023 2669 1065 2740 ad
1082 2673 1244 2759 Austros,

351 2795 420 2861 Aut
436 2792 492 2861 ubi
511 2816 613 2861 verna
626 2792 722 2860 no‘vis
736 2792 881 2885 exspirat
897 2815 1047 2886 purpura
1062 2792 1176 2885 pratis.

400 2908 462 2980 ltta
482 2910 655 3007 sagittiferi
674 2909 981 2997 circumvolitastis,
1003 2913 1165 2999 Amores,

352 3036 501 3122 Funera,
519 3046 736 3125 maternoque
752 3056 851 3127 rogos
869 3032 1010 3103 unxistis
1025 3058 1158 3103 amomo
1177 3060 1184 3101 :

352 3154 422 3223 Nec
435 3151 554 3225 modus
571 3167 631 3223 aut
645 3152 763 3246 pennis
778 3150 894 3223 laceris
906 3170 966 3223 eut
981 3154 1129 3225 crinibus
1144 3155 1257 3249 ignem

351 3276 531 3369 Spargere,
552 3272 745 3369 collataque
760 3298 875 3369 pyram
893 3290 1041 3347 struxere
1057 3276 1229 3372 pharetra.

350 3396 443 3483 Quas
460 3409 540 3465 tunc
557 3395 708 3482 inferias,
724 3410 785 3466 aut
800 3422 874 3493 quta
892 3394 1036 3469 lamenta
1050 3398 1194 3470 dedisses

351 3518 531 3604 Maternis,
550 3521 705 3606 Etrusoe,
722 3518 833 3613 rogis,
849 3520 906 3614 qui
923 3520 1042 3591 funera
1061 3523 1164 3615 patris

351 3637 448 3705 Hand
467 3653 597 3709 matura
615 3652 711 3735 putas
722 3690 731 3726 ,
744 3654 852 3734 atque
868 3640 929 3710 hos
946 3643 1020 3736 pius
1036 3643 1174 3737 ingemis
1192 3668 1300 3716 annos
1319 3652 1337 3719 ‚⁹

398 3754 498 3826 Illum
514 3774 565 3845 et,
583 3760 640 3853 qui
658 3774 743 3830 nutu
761 3786 896 3858 superas
914 3788 1004 3832 nunc
1022 3778 1180 3859 temperat
1199 3792 1291 3837 arces

352 3878 545 3972 Progeniem
563 3879 687 3951 claram
704 3884 800 3953 terris
815 3886 957 3978 partitus
975 3901 1008 3954 et
1022 3888 1138 3971 astris,

351 4001 460 4071 Istus
477 3999 614 4072 ldumaei
631 4003 766 4075 donavit
783 4006 910 4076 honore
925 4006 1086 4103 triumphi
1103 4036 1109 4077 :
