2934 4950
69 484 186 549 lusos.)
267 510 271 523 ·
382 482 597 539 annuamus
619 484 729 539 amula
749 484 798 537 vl.
881 500 884 504 ’

68 605 237 694 Perculit,
256 620 443 699 eventuque
458 605 624 700 impalluit
641 607 713 701 ipse
728 605 884 677 secundo.

69 727 261 798 Clamorem
280 726 467 816 Inachidae,
486 742 650 821 qnantum
670 753 739 797 non
757 727 857 797 litora
875 725 1016 815 tollunt,

69 851 150 918 Non
161 873 299 918 nemora
313 874 321 917 ε
335 845 429 918 illum
438 848 481 917 ah
491 850 595 919 humo
610 866 789 919 conantem
798 864 838 919 ut
847 848 931 918 vidit
940 846 1119 936 Adrastus,

70 969 328 1064 Tollentemque
343 995 480 1056 manus,
499 986 533 1040 et
551 996 619 1040 nou
638 970 810 1041 toleranda
827 984 1022 1067 parantem,

70 1124 86 1157 a
97 1096 170 1177 Ite,
186 1116 267 1179 oro,
285 1093 387 1180 socii,
405 1090 487 1161 furit
505 1119 512 1160 :
529 1094 593 1179 ite,
614 1094 775 1188 opponite
791 1092 944 1181 dextrm,

70 1214 259 1301 Festinate,
277 1212 378 1303 furit,
397 1211 608 1308 palmamque
626 1227 659 1283 et
677 1215 813 1309 praemia
834 1214 940 1283 ferte:

70 1337 151 1405 Non
171 1336 265 1428 prius
285 1334 424 1404 effracto
445 1358 546 1429 quam
563 1336 701 1405 misceat
717 1360 777 1405 ora
795 1334 950 1419 cerebro,

70 1456 241 1545 Absistet,
259 1456 357 1525 video
373 1481 380 1524 τ
396 1458 596 1527 moriturum
614 1455 742 1527 auferte
757 1460 903 1527 Lacona.
919 1486 937 1521 n

120 1579 195 1648 Nec
213 1601 323 1665 mora,
341 1578 533 1673 prorumpit
551 1576 703 1672 Tydeus3
722 1603 783 1648 nec
798 1578 891 1673 jussa
909 1592 1040 1648 recusat

72 1698 333 1795 Hippomedon:
349 1714 429 1769 tunc
447 1700 504 1768 vix
522 1700 620 1769 ambo
641 1700 818 1770 conatibus
835 1700 950 1771 ambas

71 1822 295 1915 Restringunt
311 1820 535 1916 cohibentque
553 1845 692 1910 manus,
710 1845 749 1891 ac
767 1821 914 1918 plurima
933 1819 1084 1891 suadent.

72 1944 239 2028 «Vincis,
257 1943 309 2010 abi
328 1942 530 2037 :pulchrum
548 1956 598 2011 est
618 1944 722 2012 vitam
741 1943 869 2013 donam
885 1944 1019 2013 minori.

72 2066 197 2133 Noster
215 2078 247 2132 et
265 2063 339 2149 hie,
359 2061 502 2157 bellique
519 2088 629 2132 comes
645 2088 653 2131 ε
667 2040 687 2127 Ι>>
706 2062 754 2132 nil
771 2063 937 2159 frangitur
951 2064 1070 2149 heros,

73 2186 286 2279 Ramumque
303 2182 519 2277 oblatumque
536 2208 637 2253 manu
655 2184 795 2255 thoraca
810 2184 943 2281 repellit

75 2303 270 2373 vociferans
288 2330 297 2373 ε
317 2302 474 2374 «Liceatl
493 2328 560 2373 non
581 2305 641 2373 has
655 2328 717 2399 ego
734 2304 873 2400 pulvere
890 2330 1021 2390 crasso,

77 2430 183 2520 Atque
200 2449 320 2496 cruore
339 2450 460 2522 genas,
480 2427 603 2496 meruit
618 2426 740 2521 quihus
755 2425 818 2496 iste
831 2425 980 2496 favorem

74 2547 227 2634 Semivir,
245 2546 428 2617 infodiam?
445 2549 640 2641 mittamque
660 2545 804 2615 insorme
820 2546 973 2642 sepulcro

75 2668 229 2764 Corpus?
249 2683 283 2737 et
304 2667 449 2739 OEbalio
467 2669 588 2738 donem
607 2667 721 2761 lugere
738 2666 947 2763 magistrol»

119 2790 215 2861 Dixit
232 2815 240 2857 :
257 2803 292 2857 at
311 2789 400 2858 hunc
421 2790 501 2858 socii
518 2787 683 2858 tumidum
702 2803 737 2857 et
753 2788 870 2858 vicisse
888 2802 1063 2882 negantem

78 2916 244 2981 Avertunt
264 2938 272 2980 ε
293 2925 410 2982 contra
425 2908 564 2980 laudaut
581 2910 722 3006 insignis
741 2908 913 2980 alumnum

77 3034 233 3127 Taygeti,
253 3030 418 3127 longeque
434 3032 541 3099 minas
558 3032 660 3100 risere
678 3034 838 3101 Lacones.

125 3150 328 3222 Iamdudum
346 3153 446 3220 varia
464 3149 578 3221 laudes
597 3165 631 3220 et
651 3152 785 3222 conscia
805 3153 921 3248 virtus,

79 3275 188 3369 Tydea
207 3275 459 3368 magnanimum
478 3271 619 3342 stimulis
637 3274 827 3369 ingentibus
848 3288 985 3370 augunt.

81 3395 137 3464 Ille
156 3392 290 3490 quidem
306 3409 339 3464 et
354 3392 446 3464 disco
465 3393 592 3482 bonus,
610 3408 644 3463 et
660 3394 862 3465 contendere
878 3420 995 3480 cursu,

82 3517 151 3586 Nec
167 3530 266 3585 caestu
284 3512 408 3584 bellare
428 3516 538 3583 minor
557 3539 565 3582 ε
586 3514 643 3584 sed
661 3514 763 3584 corde
782 3514 912 3586 labores

84 3639 165 3707 Ante
184 3635 267 3707 alios
286 3651 358 3706 erat
376 3651 478 3705 uncta
495 3635 573 3706 Pale
593 3663 601 3705 :
620 3637 667 3705 sic
685 3638 755 3705 otia
770 3641 890 3707 Martis

84 3761 226 3852 Degere,
246 3773 280 3827 et
297 3756 466 3826 anniferas
483 3754 594 3826 laxare
613 3773 803 3828 assueverat
820 3759 904 3847 iras,

84 3879 232 3972 lugentes
250 3893 368 3948 contra
382 3875 437 3949 ille
455 3880 563 3965 viros,
584 3875 743 3952 Acheloia
761 3880 886 3949 circum

84 3999 211 4088 Litora,
232 3997 407 4093 felicesque
426 4003 499 4068 Deo
518 4013 726 4068 monstrante
745 3996 925 4093 palaestras.

130 4123 217 4219 Ergo
236 4121 292 4189 ubi
313 4118 461 4189 luctandi
480 4121 619 4213 juvenes
639 4121 788 4188 animosa
809 4119 922 4189 citavit

941 4240 974 4312 6.
