2934 4950
373 423 411 482 ab
680 421 898 481 russatuos
922 421 1032 478 LIBER
1053 422 1102 478 lv.
1311 423 1405 484 (eru-t

372 547 513 645 Regales
531 562 643 618 tamea
662 572 721 616 ore
740 562 843 635 notae,
864 572 924 616 nec
943 534 1070 616 mersus
1089 546 1216 616 acerbis
1308 618 1313 624 ,

371 673 487 740 Exstat
502 668 619 738 bonos.
635 671 731 738 Tunc
747 668 818 737 haec
835 666 918 736 adeo
935 666 1140 762 stupefactus
1156 665 1333 738 Adrastus:

421 821 439 855 a
450 792 538 860 Diva
554 804 674 883 potens
689 813 886 877 nemorum,
904 811 983 859 nam
999 803 1033 858 te
1048 787 1229 882 vultusque
1247 788 1405 883 pudorque

373 909 513 984 Mortali
530 911 573 982 de
592 912 695 1005 stirpe
713 925 854 1006 negant,
870 899 944 1004 quae
961 908 1035 980 laeta
1052 911 1113 980 sub
1130 910 1194 980 isto

372 1037 455 1131 Igne
474 1031 543 1128 poli
562 1058 632 1102 non
651 1033 772 1126 quaeris
790 1056 911 1125 aquas,
929 1055 1086 1102 succurre
1106 1032 1303 1126 propinquis

372 1155 538 1225 Gentibus
555 1180 564 1222 ε
582 1153 771 1223 arcitenens
785 1178 844 1224 seu
860 1167 893 1222 te
909 1153 1050 1224 latonia
1069 1166 1161 1230 casto

372 1280 424 1348 De
438 1299 544 1370 ¹grege
562 1275 748 1344 transmisit
768 1273 938 1362 thalamis,
955 1299 1014 1344 seu
1029 1271 1141 1369 lapsus
1158 1273 1199 1342 ab
1218 1274 1315 1344 astris

372 1400 452 1470 Non
469 1395 605 1468 humilis
624 1396 922 1481 facundorum,
942 1421 1050 1492 neque
1069 1397 1159 1470 enim
1180 1397 1250 1490 ipse
1268 1399 1403 1466 Deorum

372 1520 506 1592 Arbiter
527 1516 723 1615 Argolidum
741 1517 896 1588 thalamis
917 1543 1043 1606 novus,
1063 1517 1197 1612 adspice
1215 1531 1330 1588 moesta

371 1641 525 1736 Agmina.
541 1642 615 1714 Nus
631 1641 721 1712 ferro
741 1641 874 1712 meritas
895 1637 1087 1713 exscindere
1103 1635 1234 1706 Thebas

372 1763 470 1830 Mens
485 1757 563 1829 tulit
583 1785 591 1828 z
609 1758 734 1828 imbelli
751 1759 809 1830 sed
827 1785 917 1830 nune
935 1761 1006 1830 sitis
1021 1761 1124 1831 anxia
1143 1759 1212 1829 lato

373 1882 613 1975 Submittitque
632 1882 762 1952 animos
782 1895 817 1950 et
834 1883 956 1954 inertia
973 1881 1097 1953 robora
1112 1882 1230 1976 carpit.

372 2006 426 2073 Da
447 2001 540 2072 fessis
556 2003 592 2071 in
607 2003 707 2072 rebus
722 2027 836 2097 opem,
855 2029 913 2074 seu
931 2002 1084 2074 turbidus
1100 2003 1228 2086 amnis,

375 2127 440 2194 Seu
456 2124 517 2192 tibi
534 2122 622 2192 foeda
641 2122 737 2218 palus
755 2150 762 2192 :
785 2124 868 2193 nihil
887 2125 950 2194 hac
968 2127 1002 2194 in
1023 2138 1111 2194 sorte
1129 2123 1344 2219 pudendum,

372 2243 429 2315 Nil
447 2242 573 2315 humile
592 2260 642 2315 est
664 2271 672 2312 :
693 2258 732 2314 tu
753 2269 843 2314 nunc
861 2247 983 2333 ventis,
1000 2243 1184 2340 Pluvioque
1206 2246 1334 2341 rogaris

372 2368 438 2436 Pro
458 2370 541 2436 Jove
560 2392 569 2435 ε
588 2381 625 2436 tu
641 2365 774 2462 refugas
792 2368 895 2454 vires,
916 2381 949 2435 et
965 2381 1100 2463 pectora
1120 2364 1209 2436 bello

372 2490 570 2559 Exanimata
586 2487 678 2584 reple
697 2515 706 2558 ε
724 2491 773 2558 sic
790 2489 854 2559 hoc
873 2490 934 2558 tibi
953 2489 1060 2559 sidere
1076 2488 1195 2560 dextro

373 2614 509 2682 Crescat
524 2634 609 2680 onus
627 2635 635 2679 ε
655 2625 789 2679 tanturn
807 2609 947 2680 reduces
968 2610 1024 2680 det
1043 2610 1176 2680 flectere
1193 2635 1324 2706 gressus

372 2732 542 2827 luppiter,
560 2757 582 2801 o
600 2710 728 2826 quanta
746 2730 825 2801 belli
844 2731 1012 2803 donabere
1033 2729 1160 2826 praeda!
1241 2778 1246 2785 -

372 2854 521 2923 Dircaeos
540 2853 619 2941 tibi,
640 2854 746 2942 Diva,
763 2877 899 2948 greges,
920 2878 1165 2946 numerumque
1186 2852 1362 2947 rependam

372 2972 496 3062 Plebis,
518 2988 552 3043 et
568 2973 624 3042 hic
640 2999 761 3069 magna
780 2972 876 3043 lucus
894 2975 1081 3069 signabitur
1099 2999 1165 3043 ara.
1186 3002 1201 3037 s

420 3096 529 3183 Dixit,
548 3110 582 3165 et
600 3076 727 3166 orantis
746 3095 854 3165 media
872 3098 959 3166 inter
975 3094 1141 3165 anhelitus
1157 3095 1277 3165 ardens

372 3216 484 3285 Verba
505 3216 611 3310 rapit,
631 3240 799 3310 cursuque
820 3218 938 3285 animae
959 3214 1048 3285 labat
1068 3214 1159 3285 arida
1181 3214 1305 3311 lingua.

375 3335 465 3404 [dem
482 3361 596 3405 omnes
613 3334 788 3431 pallorque
804 3340 912 3424 viros,
929 3313 1094 3432 flatusque
1114 3334 1215 3407 soluti

373 3458 451 3525 Oris
467 3457 568 3527 babet
585 3483 594 3526 τ
614 3456 728 3527 reddit
746 3457 889 3527 demisso
907 3460 1046 3527 Lemnia
1064 3458 1181 3529 vultu:

422 3610 435 3640 a
452 3580 540 3648 Diva
556 3577 692 3672 quidem
708 3580 821 3667 vobis,
838 3581 899 3648 etsi
920 3578 1061 3649 coelestis
1080 3581 1176 3675 origo
1196 3596 1266 3667 est,

373 3697 472 3767 Unde
491 3699 577 3794 egoi
597 3698 755 3769 mortales
772 3702 901 3769 utinam
919 3698 1009 3771 haud
1026 3716 1230 3797 transgressa
1252 3701 1374 3771 sussen

373 3817 551 3890 Luctibus!
571 3820 721 3891 altricem
747 3820 896 3891 mandati
912 3822 1048 3891 cernitis
1068 3822 1186 3892 orbam

373 3941 525 4035 Pignoris
543 3966 551 4008 τ
571 3957 607 4011 at
626 3944 748 4013 nostris
767 3967 808 4012 an
828 3944 904 4036 quis
923 3944 1030 4031 sinus,
1050 3943 1223 4037 uberaque
1239 3942 1319 4029 ulla,

374 4063 444 4130 Scit
464 4066 579 4132 Deus:
595 4078 628 4132 et
645 4066 741 4134 nobis
763 4089 906 4159 regnum
928 4078 1054 4151 tamen,
1074 4079 1104 4133 et
1127 4078 1223 4161 pater
1243 4066 1361 4160 ingens.
