2934 4950
71 434 173 496 Qum.)
396 433 589 488 SILVARUM
608 431 729 489 LIBER·
740 434 790 490 Ill.

67 561 105 626 Te
121 557 280 627 similem
297 557 402 626 doetae
420 557 539 628 referet
557 557 638 626 mihi
657 557 745 628 linea
762 583 845 626 cerae
863 586 872 625 z

67 681 291 770 truc-ebur,
309 692 342 748 et
361 674 491 747 fulvum
508 677 621 747 vultus
639 678 824 748 imitabitur
842 703 971 750 aurum.

66 800 141 870 lnde
158 804 262 870 viam
279 825 432 885 morum,
450 797 622 894 longaeque
640 801 792 868 examina
811 801 905 889 vitae,

67 921 269 1016 dilatumque
286 922 374 1016 pios,
393 921 626 1014 monituraque
643 921 771 989 somnia
790 946 964 1015 poscam.»

27 1120 28 1125 ἵ
107 1042 214 1113 Talia
231 1041 395 1112 dicentem
413 1041 543 1136 genitor
561 1038 736 1110 dulcedine
754 1040 827 1112 laeta

70 1163 197 1248 Audit,
215 1178 250 1232 et
267 1163 410 1231 immites
428 1160 517 1230 lente
536 1159 703 1231 descendit
720 1160 763 1230 ad
781 1163 934 1242 umbras,

71 1285 250 1378 Verbaque
266 1282 392 1352 dilectae
409 1282 474 1352 fert
490 1297 684 1352 narraturus
700 1287 856 1354 Etruscae.

115 1404 220 1474 Salve
237 1428 451 1499 supremum,
470 1404 579 1473 senior
596 1405 769 1473 mitissime
788 1419 943 1498 patrum,

75 1529 338 1620 Supremumque
356 1523 430 1593 vale
448 1550 457 1591 z
476 1524 534 1617 qui
552 1548 744 1619 nunquam,
762 1527 885 1618 sospite
903 1539 1017 1614 nuto,¹

75 1648 179 1716 Triste
196 1646 323 1733 Chaos,
343 1645 515 1738 moestique
533 1645 614 1713 situs
631 1647 756 1739 patiere
775 1644 926 1739 sepulcri.

77 1769 210 1860 Semper
226 1765 373 1835 odoratis
390 1765 564 1860 spirabunt
581 1765 719 1835 floribus
737 1791 820 1853 arae,

78 1889 209 1980 Semper
225 1900 260 1954 et
277 1885 430 1979 Assyrios
446 1883 524 1954 telix
541 1885 634 1954 bibet
651 1910 738 1954 urna
756 1885 917 1980 liquores,

79 2007 116 2072 Et
132 2003 309 2098 lacrymas,
328 2007 387 2098 qui
406 2007 511 2100 major
530 2006 645 2075 honos.
664 2007 728 2075 Hic
749 2027 840 2075 sacra
859 2005 967 2076 litabit

79 2123 246 2214 blanibus,
264 2127 366 2219 inque
384 2125 626 2196 tuntumulum
644 2125 761 2196 tellure
781 2125 912 2196 levabit.

81 2245 195 2313 Nostra
214 2271 368 2342 quoque,
385 2247 536 2342 exemplo
560 2247 714 2334 meritus,
736 2247 794 2315 tibi
817 2248 963 2316 carmina
985 2248 1112 2336 sanxit,

82 2363 149 2431 Hoc
163 2365 257 2434 etiam
275 2365 423 2461 gaudens
441 2367 585 2438 cinerem
604 2365 742 2436 donasse
759 2364 918 2461 sepulcro.
