2934 4950
353 476 409 539 ’404
728 468 1028 524 ADNOTATIONES

351 588 411 644 cari
426 598 548 663 potest:
567 585 745 661 spectatione
758 605 804 660 pr.
819 603 915 642 sacros
929 585 1024 642 fontes
1038 589 1084 644 rel
1102 600 1130 645 te
1147 600 1321 661 temerante,
1337 591 1397 648 rio-

352 685 437 738 lante.
463 681 520 739 Sed
542 678 713 736 concinnior
735 676 769 734 fit
790 679 884 735 oratio
913 697 968 753 per
993 681 1188 755 conjecturam
1213 685 1355 740 Gronorii
1376 698 1399 740 et

351 773 516 834 Multandi
536 773 573 832 ad
592 774 672 841 Sita,
691 791 730 845 rr,
746 772 781 845 6,
795 772 833 830 80
854 794 861 828 :
883 785 1036 844 temerare,
1054 777 1073 832 i.
1088 797 1112 833 e.
1127 777 1165 833 ad
1183 779 1278 834 fontes
1293 777 1333 834 ita
1351 779 1399 833 de-

350 873 455 942 latura,
474 880 508 926 nt
526 877 691 938 temeraret,
706 877 776 937 etc.;
793 867 844 922 tae'bi
861 878 955 923 tamen
974 888 1040 926 euru
1054 871 1157 928 Markl.
1181 885 1325 930 mutatum
1344 893 1398 929 non

352 963 498 1040 oportuit,
520 973 553 1018 ut
574 960 697 1016 maxime
723 959 892 1017 statianum.
914 963 982 1018 Post
1003 982 1059 1036 pro
1082 983 1138 1020 non
1158 983 1301 1040 agnovere
1324 967 1399 1022 PR.:

352 1059 426 1114 aelst
440 1076 508 1133 agn.
518 1096 528 1124 ,
551 1053 634 1130 quod
655 1053 724 1110 fort.
738 1053 945 1128 recipiendum.
965 1057 1044 1113 Infra
1065 1059 1175 1132 Regina
1192 1068 1236 1115 est
1257 1059 1359 1129 Dirce,
1375 1059 1400 1114 in

352 1143 461 1208 sontem
478 1167 630 1219 conversa,
648 1158 677 1204 et
688 1167 716 1204 r.
740 1146 816 1219 205,
830 1167 886 1222 pro
905 1172 917 1198 α
933 1148 996 1206 dira
1010 1169 1143 1206 sororum
1157 1153 1261 1222 Pensa,
1272 1177 1286 1204 s
1307 1151 1337 1208 iu
1351 1171 1399 1226 op-

352 1245 428 1303 timis
448 1244 557 1316 codd,
583 1243 669 1300 etiarn
690 1261 707 1299 a
727 1244 837 1318 Regg.,
861 1243 1015 1317 proposito
1042 1245 1165 1301 oratoris
1190 1247 1401 1302 convenientius

351 1340 486 1397 sentitur
497 1339 577 1395 dem.

392 1435 439 1492 Sic
452 1453 519 1490 ense
538 1434 677 1499 madens,
696 1451 733 1486 ac
750 1430 862 1486 nubilus
886 1433 930 1487 ira
949 1429 988 1509 (v.
1012 1429 1090 1510 230).
1113 1435 1206 1502 Vere,
1226 1444 1260 1488 ut
1277 1433 1400 1495 videtur.

350 1531 452 1588 Merit
471 1528 509 1585 ad
524 1527 605 1592 Sita,
621 1545 673 1593 ιιι,
685 1533 715 1596 4,
731 1523 771 1600 98
787 1543 794 1580 :
809 1549 821 1575 α
837 1525 900 1580 Hac
914 1525 986 1581 nub.
1006 1523 1080 1581 ira.»

390 1623 520 1679 Insidias
533 1618 571 1696 (v.
587 1615 665 1695 238).
683 1617 905 1674 Assentiendum
921 1629 963 1675 est
980 1619 1096 1675 Barthio
1120 1637 1127 1672 ε
1151 1643 1163 1668 ιι
1179 1619 1317 1694 Optimus
1341 1621 1398 1676 eod.

350 1727 444 1772 toturn
457 1715 536 1770 hune
558 1731 586 1767 r.
606 1729 668 1768 non
691 1711 821 1788 agnoscit
836 1730 844 1766 ε
859 1712 968 1785 optime
988 1731 994 1768 :
1014 1722 1056 1768 est
1070 1711 1147 1767 enim
1160 1713 1282 1768 omnino
1300 1731 1315 1769 a
1334 1716 1399 1770 mala

350 1827 454 1879 mann,
467 1806 519 1882 qui
532 1801 692 1878 superflua,
705 1804 823 1864 minime
843 1823 909 1861 cum
923 1806 981 1861 ulla
1001 1805 1091 1880 gratia
1113 1815 1163 1860 aut
1180 1805 1329 1877 majestate
1344 1825 1396 1862 ser-

351 1901 446 1958 monis
459 1897 626 1974 Papiniani,
639 1916 694 1954 nee
713 1899 789 1954 bene
807 1898 893 1954 latine
908 1899 1051 1974 loquitur,
1066 1908 1119 1955 etc.
1130 1924 1143 1948 ν
1160 1901 1228 1956 Post
1247 1899 1325 1955 idem
1340 1897 1397 1954 cod.

351 2013 418 2052 cnm
438 1992 550 2066 aliquot
563 1991 601 2046 al.·
615 2001 674 2047 eta
691 1993 782 2066 Regg.
798 2007 805 2046 2
820 2015 833 2042 a
849 1993 894 2049 Ne
906 2011 1068 2069 pugnares

395 2089 563 2161 Vulneraque
583 2085 701 2162 obliqua
715 2086 879 2142 madentem
897 2083 936 2166 (v.
961 2083 1040 2164 266).
1055 2086 1124 2159 Opt.
1139 2085 1205 2141 cod
1225 2087 1320 2142 Bartla
1336 2087 1397 2159 pul·

351 2183 418 2240 due
438 2201 446 2239 :
460 2181 595 2236 «vultum
609 2180 757 2255 obliquata
770 2179 846 2237 mad.
863 2204 876 2231 n

393 2286 661 2361 Genitalrasoedera
672 2287 777 2343 Cadmi
784 2285 821 2366 (v.
839 2284 918 2366 300).
928 2286 1001 2344 Cod.
1015 2286 1105 2366 Lipsii
1120 2307 1127 2343 :
1141 2288 1319 2364 «gentilia,»
1334 2305 1396 2362 per-

349 2401 449 2459 peram
468 2380 793 2461 probante.Bernartio.
819 2380 876 2438 Sed
897 2400 993 2438 veram
1023 2401 1084 2437 esse
1103 2381 1229 2437 arbitror
1254 2369 1397 2438 lectionem

350 2479 526 2555 optimorum
539 2475 648 2533 Barthii
662 2495 670 2530 τ
685 2501 698 2526 α
713 2476 835 2554 genialia
849 2478 868 2531 l.
880 2500 895 2527 u
909 2478 944 2532 V.
960 2476 982 2531 F
984 2494 1121 2548 orexin,
1138 2479 1227 2542 Lea,
1248 2496 1270 2533 s.
1289 2496 1316 2531 v.

391 2574 576 2629 Sauromatas
591 2571 690 2626 avidos
703 2568 742 2648 (v.
759 2566 838 2649 352).
854 2570 902 2627 Ob
919 2568 1042 2645 rapinas.
1064 2568 1233 2627 Wakefield.
1257 2570 1295 2627 ad
1314 2571 1395 2645 Soph.

350 2666 485 2731 phileae,
505 2664 579 2720 1328
596 2684 603 2719 ε
619 2688 631 2712 r
647 2663 798 2720 rabidos.»

389 2759 520 2815 Protheus
534 2758 574 2813 ire
586 2770 657 2834 peto
670 2754 709 2835 (r.
728 2754 808 2835 365).
822 2756 958 2814 Meliores
977 2758 1086 2814 Barthii
1101 2778 1108 2813 :
1124 2758 1189 2813 «ire
1200 2774 1284 2831 paro.
1294 2782 1307 2809 s

390 2862 613 2936 Facirmsfiatrr’
622 2874 681 2918 tam
695 2864 807 2938 grande
819 2864 923 2939 negari
940 2860 978 2942 (r.
994 2860 1073 2939 371).
1091 2888 1103 2915 ι
1117 2864 1226 2939 Utique
1240 2882 1295 2940 ego
1314 2866 1395 2922 debui

350 2956 507 3034 proficisci,
522 2968 556 3013 nt
570 2956 658 3013 frater
671 2958 790 3033 plenum
807 2956 955 3031 parricidii
976 2956 1093 3012 titulum
1105 2956 1297 3031 possideret.»
1314 2960 1393 3015 Lacr.

389 3066 431 3121 Er
443 3066 551 3120 meatus
564 3064 699 3137 lacrymir
712 3064 804 3118 caluit
815 3063 902 3118 dolor
912 3059 950 3141 (r.
967 3060 1046 3140 383).
1061 3064 1210 3121 Sententia
1224 3064 1308 3121 valde
1322 3066 1394 3137 adju·

350 3170 433 3217 vatur
445 3159 612 3230 conjectura
625 3154 733 3211 Barthii
748 3176 755 3211 :
771 3180 784 3207 a
798 3157 890 3212 valed
909 3156 1003 3213 dolor.
1016 3180 1028 3207 r
1042 3156 1113 3230 Ejus
1126 3157 1190 3225 cod.
1207 3170 1268 3233 opt.
1284 3174 1313 3214 v.
1329 3160 1392 3229 387:

349 3276 365 3304 ι
374 3250 492 3325 Imperii
505 3248 658 3307 deflectere
671 3250 778 3306 molem
794 3248 964 3306 Conscius.»

389 3356 555 3413 Potentibus
577 3353 721 3436 lterln's(r⁸
742 3353 821 3435 399).
839 3358 902 3427 PR,
925 3376 937 3412 1
961 3358 1061 3414 Behot.
1084 3369 1113 3414 et
1131 3358 1211 3414 MSS.
1232 3358 1339 3414 Heinsii
1362 3354 1393 3412 ad

350 3453 398 3511 Sil.
414 3452 553 3521 ltal.,v1,
573 3468 613 3524 99
629 3470 637 3505 :
658 3475 671 3501 a
683 3451 848 3526 tepentibus
861 3452 916 3506 h.»
935 3451 979 3510 De
989 3468 1053 3529 qno¹
1065 3450 1134 3507 vide
1147 3450 1211 3509 intt.
1227 3451 1300 3509 Silii.

389 3558 523 3615 διάνοιαι
538 3555 577 3633 (v.
594 3554 672 3633 400).
690 3555 756 3613 Seil.
772 3575 887 3613 aaensu
901 3556 1017 3613 doloris.

388 3665 488 3719 llareis
501 3663 648 3721 tamenab
664 3652 732 3718 loris
746 3664 870 3719 Pectora
886 3660 924 3741 (v.
942 3662 1020 3740 412).
1035 3666 1104 3721 Pars
1118 3663 1253 3721 codicum
1270 3666 1375 3721 calidis.

281 3814 290 3827 ,
388 3771 467 3825 Deus
479 3770 608 3843 armiger
620 3766 658 3846 (v.
681 3766 758 3847 400).
780 3768 921 3826 «Rectius
934 3769 1033 3845 scripti
1050 3769 1091 3847 (in
1104 3770 1212 3845 quibus
1224 3773 1296 3849 Reg.
1313 3770 1337 3846 r)
1349 3790 1392 3825 ar·

349 3862 433 3936 rm'fer
455 3883 464 3917 :
486 3880 552 3917 nam
572 3862 645 3919 illud
669 3862 841 3925 satellitibus
860 3864 1035 3920 vocabulum
1055 3865 1234 3922 attributum.
1259 3867 1333 3923 Infra
1351 3884 1390 3933 rr,

351 3955 432 4013 653:
453 3955 613 4011 «Armiferi
632 3959 719 4012 Get'ae.
730 3982 743 4009 a
759 3960 894 4014 Gnorov.
913 3950 1002 4014 Recte
1016 3958 1102 4015 etiam
1116 3960 1155 4015 ob
1173 3960 1299 4016 ricinum
1317 3958 1390 4014 nimis

348 4070 438 4125 pavor
449 4050 581 4124 armiger,
597 4069 624 4106 v.
642 4049 709 4118 405.
725 4052 826 4107 Paullo
845 4063 925 4126 post,
943 4072 970 4108 v.
996 4052 1069 4121 403,
1086 4055 1161 4110 bene
1182 4055 1279 4111 Barth.
1296 4054 1388 4109 obser-

347 4154 395 4199 vat
415 4170 428 4194 a
442 4147 598 4198 Armorum
618 4144 728 4207 tonitru
754 4146 841 4203 ferit»
863 4146 946 4201 nimis
966 4164 1024 4203 esse
1050 4148 1218 4220 vehemens,
1249 4159 1277 4205 et
1293 4146 1388 4221 probat
