2934 4950
360 336 414 409 ινδ
677 338 893 394 afluauuos
913 335 1028 394 nnana
1048 337 1070 392 1.
1290 333 1386 398 (vno.)

354 463 578 558 stellantique
592 461 681 536 locat
696 462 782 534 solio
799 489 807 532 ε
826 487 887 534 nec
903 463 1058 558 protinus
1077 461 1149 530 ausi

357 583 543 676 Coelicolae,
564 587 696 656 veniam
715 584 823 657 donec
843 599 939 681 pater
957 585 1028 681 ipse
1044 581 1198 662 sedendi,

355 704 551 801 Tranquilla
567 707 666 800 jubet
683 731 755 776 esse
770 729 873 776 manu
893 731 902 774 ι
920 730 1000 775 mox
1017 704 1117 776 turba
1130 727 1308 800 vagorum,

356 826 564 916 Semideum,
580 843 614 897 et
634 828 774 897 summis
794 829 928 924 cognati
948 825 1095 897 nubibus
1113 850 1246 915 amnes,

355 955 400 1021 Et
416 973 606 1045 compressa
624 964 719 1018 metu
737 963 905 1020 servantes
924 972 1101 1018 murmura
1119 949 1223 1028 venti

354 1079 468 1144 Aurea
484 1084 572 1141 tecta
587 1069 740 1164 replent,
758 1073 862 1141 mixta
881 1094 1030 1140 convexa
1046 1072 1197 1156 Deorum

354 1194 530 1287 Majestate
545 1206 718 1262 tremunt:
736 1191 870 1278 radiant
887 1191 1013 1286 majore
1031 1215 1150 1260 sereno

356 1313 533 1404 eulmina,
552 1328 588 1382 et
603 1337 727 1384 arcano
746 1312 902 1384 florentes
923 1311 1049 1384 lumine
1063 1327 1186 1408 postes.

404 1439 586 1534 Postquam
603 1437 694 1532 jussa
714 1436 808 1530 quies
815 1473 831 1525 ,·
844 1432 1000 1528 siluitque
1017 1435 1195 1506 exterritus
1213 1435 1320 1524 orbis,

354 1560 479 1654 Incipit
496 1556 621 1628 exalto
639 1556 765 1654 (grave
783 1571 818 1626 et
836 1553 1046 1628 immutabile
1063 1556 1186 1626 sanctis

353 1680 491 1749 Pondus
506 1677 600 1750 adest
617 1679 727 1749 verbis
733 1730 745 1768 ,
766 1692 801 1748 et
816 1701 933 1748 vocem
948 1682 1031 1748 Fata
1049 1677 1257 1773 sequuntur)
1271 1703 1279 1746 :
1307 1720 1309 1726 π

406 1803 614 1870 «Terrarum
632 1797 772 1885 delicta,
792 1824 855 1870 nec
871 1797 1100 1895 exsuperabile
1116 1799 1208 1872 Diris
1246 1869 1249 1876 ,

354 1922 534 2017 Ingenium
548 1919 690 1990 mortale
710 1945 858 2015 queror:
875 1945 1024 2016 quonam
1041 1945 1146 2016 usque
1162 1937 1341 1994 nocentum

355 2044 478 2139 Exigar
490 2043 526 2111 in
543 2040 684 2138 poenasi
703 2041 802 2110 taedet
817 2042 932 2110 saevire
951 2065 1093 2112 corusco
1243 2123 1246 2130 ⁴

356 2162 531 2234 Fulmine:
549 2165 619 2258 jam
636 2160 766 2258 pridem
786 2159 972 2257 Cyclopum
991 2189 1130 2257 operosa
1146 2164 1305 2236 fatiscunt

262 2362 264 2370 ,
355 2285 515 2374 Brachia,
536 2299 571 2354 et
588 2282 704 2354 AEoliis
722 2281 844 2368 desunt
864 2283 1044 2370 incudibus
1063 2285 1166 2381 ignes.
1203 2349 1207 2356 .

355 2411 465 2502 Atque
484 2404 560 2479 ideo
579 2404 723 2477 tuleram
740 2402 824 2476 falso
843 2419 972 2476 rectore
990 2402 1119 2478 solutos

355 2528 443 2598 Solis
463 2553 588 2623 equos,
608 2525 798 2623 coelumque
817 2530 900 2599 rotis
920 2529 1109 2599 errantibus
1130 2532 1199 2617 uri,

352 2654 396 2721 Et
414 2651 645 2722 Phaethontea
665 2650 831 2721 mundum
847 2648 1012 2745 squallere
1030 2637 1152 2721 favilla.
1257 2688 1261 2697 ·

352 2769 411 2844 Nil
430 2786 542 2842 actum
560 2788 634 2843 est:
649 2762 759 2867 neque
779 2786 816 2843 tu
836 2769 947 2841 valida
962 2770 1057 2866 quod
1075 2771 1295 2868 cuspidelate

351 2896 406 2963 Ire
424 2918 485 2988 per
502 2891 657 2964 illicitum
677 2891 814 2989 pelago,
834 2916 1009 2989 germane,
1030 2892 1160 2963 dedisti.

236 3001 241 3012 ⁸
351 3017 454 3087 Nunc
473 3016 621 3110 geminas
642 3015 764 3108 punire
785 3012 920 3105 domos,
940 3013 1015 3109 quis
1032 3016 1204 3111 sanguinis
1223 3032 1341 3092 auctor

352 3138 427 3229 Ipse
443 3160 526 3230 ego,
548 3134 723 3206 descendo.
742 3138 880 3206 Perseos
896 3133 981 3205 alter
998 3137 1034 3206 in
1049 3140 1157 3234 Argos
1182 3192 1183 3195 η

352 3255 534 3346 Scinditur,
551 3259 677 3328 Aonias
697 3256 773 3327 fluit
788 3258 844 3327 hic
864 3258 906 3328 ab
926 3252 1056 3355 origine
1075 3260 1215 3347 Thebas.

350 3379 448 3447 Mens
469 3378 598 3448 cunctis
620 3379 764 3473 imposta
784 3392 921 3449 manet:
940 3381 1015 3473 quis
1033 3378 1151 3451 funera
1172 3380 1292 3455 Cadmi
1315 3446 1318 3452 .

350 3497 509 3569 Nesciat?
525 3513 560 3568 et
575 3499 674 3569 toties
695 3500 838 3568 excitam
856 3524 877 3568 a
896 3499 1029 3571 sedibus
1040 3502 1122 3571 imis

350 3619 576 3689 Eumenidum
595 3617 732 3690 bellasse
752 3618 881 3690 aciem?
898 3619 987 3691 mala
1006 3622 1128 3717 gaudia
1148 3640 1311 3713 matrum,

348 3744 555 3836 Erroresque
571 3741 659 3811 feros
681 3766 877 3831 nemorum,
897 3757 931 3813 et
947 3743 1115 3813 reticenda
1129 3738 1280 3809 Deorum
1335 3804 1338 3809 .

350 3860 524 3933 Crimina?
541 3865 606 3933 vix
623 3860 707 3932 lucia
723 3863 851 3956 spatici,
868 3866 925 3933 vix
945 3866 1052 3935 noctis
1068 3866 1192 3937 abactae

272 4062 277 4073 ί
323 4064 335 4075 μ
347 3987 554 4055 Enumerare
570 4008 691 4079 queam
708 4008 836 4079 mores,
856 4000 1056 4083 gentemque
1074 3986 1273 4082 profanam„
