2934 4950
76 374 192 438 (1⁶⁸2)
380 374 592 434 rnuuamos
613 375 724 432 LIBER
742 376 796 432 IX.

74 503 227 570 Venator
246 499 399 594 raptabat
415 525 535 595 equus,
556 525 654 595 quem
675 499 821 570 discolor
835 499 940 570 ambit

74 623 204 718 Tigris,
223 636 256 690 et
276 623 399 692 auratis
419 620 614 692 adverberat
635 624 804 720 unguibus
823 605 946 694 armos.

74 741 174 813 Colla
192 741 322 830 sedent,
337 741 434 812 nodis
454 757 488 812 et
505 745 663 839 castigata
678 744 836 839 jubarum

74 863 252 949 Libertas,
269 865 480 958 nemorisque
496 843 582 934 noloe
601 863 663 934 sub
680 878 815 960 pectore
833 864 943 959 primo

74 986 268 1070 lactantur,
288 985 388 1053 niveo
407 981 523 1054 lunata
539 983 677 1055 monilia
696 982 806 1055 dente.
921 956 928 969 ι

74 1107 153 1199 Ipse
172 1104 224 1173 bis
241 1103 384 1174 OEbalio
403 1119 585 1176 saturatam
601 1107 727 1176 murice
742 1104 881 1202 pallam,

75 1229 312 1319 Lucentesque
329 1249 412 1295 auro
429 1228 576 1317 tunicas,
594 1228 659 1297 hoc
677 1241 816 1297 neverat
832 1250 936 1296 unum

76 1349 189 1414 Mater
207 1371 312 1439 opus,
330 1348 421 1416 tenui
442 1344 599 1418 collectus
617 1347 724 1418 inilia
743 1346 873 1436 vinclo,

77 1465 280 1560 Cornipedis
300 1464 383 1537 laevo
401 1464 555 1562 elypeum
576 1467 755 1538 demiserat
770 1493 881 1554 armo,

79 1591 168 1658 Ense
189 1587 299 1682 gravis
315 1588 421 1657 nimio
438 1590 558 1658 :tereti
575 1590 672 1683 juvat
689 1613 790 1659 aurea
806 1612 922 1658 morsu

79 1707 200 1776 Fibula
223 1708 404 1805 pendentes
429 1711 555 1780 circum
577 1707 681 1779 latera
698 1733 816 1806 aspera
832 1699 978 1796 cinctus3

79 1833 287 1926 vaginaeque
304 1853 442 1913 sonum,
460 1829 703 1925 tremulumque
719 1830 835 1901 audire
852 1831 1016 1926 pharetrae

80 1955 251 2040 Murmur,
273 1965 306 2020 et
324 1975 343 2020 a
361 1976 447 2022 cono
466 1953 582 2021 missas
599 1953 634 2020 in
652 1967 748 2048 terga
765 1967 914 2042 catenas,

81 2073 258 2143 Interdum
277 2074 392 2143 cristas
406 2070 522 2142 hilaris
536 2074 664 2167 jactare
679 2063 869 2164 comantes,

83 2200 127 2266 Et
142 2195 271 2291 pictum
290 2196 428 2292 gemmis
445 2194 547 2291 galeae
561 2195 663 2289 jubar
681 2221 689 2264 ε
707 2211 759 2265 ast
775 2195 834 2264 ubi
851 2219 966 2290 pugna

84 2319 195 2389 Cassis
214 2316 335 2388 anhela
351 2313 453 2404 calet,
473 2314 621 2387 resoluto
638 2319 763 2387 vertice
782 2317 892 2387 nudus

83 2442 246 2513 Exoritur
264 2466 272 2509 ε
291 2454 372 2510 tunc
390 2435 487 2510 dulce
503 2463 626 2527 coma,
646 2437 815 2534 radiisque
830 2439 990 2509 micantes

83 2561 194 2635 Dulce
213 2564 322 2631 nitent
338 2563 445 2650 visus,
461 2576 510 2649 et,
527 2586 610 2656 quas
628 2558 718 2630 dolet
736 2562 806 2657 ipse
822 2563 967 2651 morari,

85 2682 249 2753 Nondum
266 2697 400 2753 mutatoe
420 2706 514 2752 rosea
531 2680 689 2778 lanugine
705 2680 810 2752 mala.

86 2808 159 2875 Nec
179 2804 292 2874 lomrae
310 2803 372 2873 sibi
389 2802 488 2873 laude
506 2802 633 2899 placet,
655 2800 865 2897 multumque
885 2804 1008 2873 severis

88 2930 230 3021 Asperat
248 2901 307 2994 ora
323 2924 422 2993 minis
440 2950 447 2991 :
465 2922 521 2993 sed
539 2922 659 2993 frontis
677 2939 789 2993 servat
803 2925 967 2994 honorem

87 3049 143 3116 Ira
160 3045 302 3115 deoens:
321 3044 378 3113 dat
397 3061 513 3140 sponte
530 3043 642 3114 locum
659 3045 821 3115 Thebana
835 3047 1010 3139 juventus,

89 3170 254 3237 Natorum
276 3190 454 3252 memores,
473 3168 666 3260 intentaque
684 3164 749 3236 tela
767 3180 983 3261 retorquent:
1097 3152 1101 3157 ’

91 3288 154 3359 Sed
173 3289 311 3383 premit,
329 3302 363 3356 et
382 3312 482 3357 saevas
498 3288 734 3357 miserantibus
752 3289 874 3385 ingerit
891 3287 1013 3358 hastas.

91 3408 191 3480 Illum
209 3424 243 3479 et
260 3408 404 3479 Sidoniae
418 3410 499 3504 juga
519 3434 579 3503 per
597 3408 796 3479 Thaumasia
812 3409 966 3505 nympha

93 3530 296 3620 Bellantem,
315 3546 415 3625 atque
434 3530 507 3625 ipso
520 3526 648 3600 'sudore
668 3544 702 3599 et
722 3528 859 3624 pulvere
878 3545 1009 3627 gratum

94 3652 266 3741 laudant,
287 3667 319 3723 et
339 3653 441 3721 tacito
459 3650 586 3721 ducunt
604 3651 747 3747 suspiria
767 3665 856 3721 voto.

140 3772 236 3843 Talia
253 3774 400 3843 cernenti
416 3773 505 3843 mitis
525 3772 613 3842 subit
632 3769 699 3842 alta
716 3772 835 3843 Dianae

99 3892 207 3965 Corda
227 3892 333 3983 dolor,
353 3894 500 3991 fletuque
519 3918 618 3992 genas
637 3892 781 3986 violata,
801 3894 947 3986 «Quod,
966 3897 1092 3992 inquit,
1120 3882 1126 3978 l

99 4015 195 4087 Nune
214 4016 293 4105 tibi,
310 4016 401 4111 quod
422 4015 475 4086 leti
496 4041 642 4111 quaeram
662 4020 740 4087 Dea¹
752 4014 817 4085 fida
838 4004 1019 4112 propinqui
