2934 4950
338 430 395 488 236
651 431 868 488 Tuaaatnos
891 429 1002 486 LIBER
1024 429 1076 486 111.
1116 497 1118 500 Ι
1274 431 1311 490 (r.
1323 428 1389 485 δῶ.)

336 558 552 654 Amphiarae,
570 558 679 641 vides,
696 581 813 626 cursus
830 571 868 626 ut
886 555 978 626 nulla
997 581 1131 626 serenos

338 678 414 750 Ales
433 679 533 775 agat?
549 678 746 774 liquidoque
762 677 879 774 polum
896 663 1070 772 complexa
1090 691 1203 745 meatu

337 801 508 873 Pendeat?
523 817 583 872 aut
594 801 726 897 fugiens
741 799 907 896 placabile
923 798 1090 894 planxerit
1109 799 1232 868 omen?

337 928 417 998 Non
430 948 543 995 eomes
556 923 719 994 obscurus
738 922 928 1018 tripodum,
945 945 1015 992 non
1031 919 1179 990 fulminis
1193 920 1320 990 ardens

335 1050 461 1117 Vector
479 1046 592 1134 adest,
612 1045 774 1140 haveque
791 1069 913 1114 sonans
934 1044 1004 1113 avis
1019 1067 1107 1112 unca
1122 1044 1306 1130 Minervae,

336 1170 416 1240 Non
435 1170 528 1238 venit
548 1168 697 1262 auguriis
712 1164 854 1235 melior:
869 1166 952 1260 quin
968 1161 1095 1252 vultur,
1113 1178 1148 1233 et
1165 1161 1242 1233 altis

335 1293 488 1386 Desuper
504 1291 681 1385 accipitres
697 1287 891 1359 exultavere
908 1288 1044 1384 rapinis.

333 1417 489 1498 Monstra
503 1411 635 1501 volautj
656 1410 738 1482 dirae
760 1409 904 1480 strident
920 1411 956 1478 in
976 1410 1065 1480 nube
1079 1409 1248 1500 volucres,

335 1534 584 1630 Nocturnaeque
601 1546 742 1628 gemunt
760 1533 896 1628 striges,
912 1545 945 1602 et
961 1529 1078 1602 feralia
1095 1531 1185 1600 hubo

334 1661 468 1726 Damna
479 1681 618 1746 canens3
636 1679 709 1750 qnae
726 1656 835 1750 prima
848 1657 958 1724 Deum
978 1669 1136 1750 portenta
1153 1655 1363 1749 sequemur?

335 1779 438 1847 Hisne
454 1778 546 1865 dari,
563 1777 777 1872 Thymbraee,
798 1773 938 1872 polum?
957 1776 1132 1848 simulcra
1150 1801 1296 1847 recurvo

253 1927 258 1939 ·
310 1881 317 1894 ⁸
334 1901 458 1993 Ungue
475 1912 589 1969 secant
607 1896 745 1986 rabida,
764 1895 1008 1992 planctumque
1024 1897 1234 1968 imitantibus
1252 1895 1316 1967 alis

335 1999 515 2113 Exagitaut
529 2018 718 2113 Zephyros,
737 2032 771 2087 et
785 2016 921 2112 plumea
938 2033 1074 2112 pectora
1094 2016 1238 2088 caedunt.
1250 2047 1268 2084 a

383 2136 444 2208 Ille
461 2141 524 2208 suh
541 2141 612 2209 haec
631 2165 639 2207 ε
657 2139 850 2235 «Equidem
868 2141 968 2226 varii,
987 2149 1095 2235 pater,'
1112 2141 1226 2210 omina
1243 2141 1363 2210 Phoehi

338 2262 430 2354 Saepe
446 2259 524 2350 tuli3
541 2261 611 2354 jam
628 2276 711 2331 tunc
730 2263 840 2356 prima
857 2287 963 2356 quum
984 2261 1073 2356 pube
1090 2263 1253 2331 virentem

335 2381 505 2451 Semideos
522 2382 611 2451 inter
627 2383 727 2478 pinus
745 2407 798 2451 me
816 2381 975 2454 Thessala
991 2409 1087 2480 reges
1122 2481 1123 2485 Ἰ
1188 2371 1191 2376 ’

333 2508 502 2592 Duceret3
517 2505 574 2575 hic
588 2530 685 2575 casus
705 2521 869 2601 terrasque
888 2508 1055 2603 marisque
1071 2524 1249 2577 canentem

332 2627 549 2722 Obstupuere
564 2628 680 2717 duoes;
697 2654 760 2698 nec
778 2654 832 2698 me
848 2644 990 2700 ventura
1008 2629 1130 2701 locuto-

334 2750 464 2844 Saepius
481 2751 516 2819 iu
533 2749 644 2820 dubiis
663 2750 800 2820 auditus
812 2754 933 2821 Jasoue
947 2752 1112 2846 Mopsus:
1224 2839 1227 2851 Λ

331 2870 398 2941 Sed
419 2869 543 2940 similes
559 2896 629 2942 non
644 2885 724 2942 aute
741 2887 871 2961 metus,
889 2889 949 2944 aut
967 2887 1056 2944 astra
1074 2877 1188 2944 notavi
1226 2852 1230 2869 „

330 2992 527 3089 Prodigiosa
541 2995 663 3091 magis3
686 3018 879 3089 quanquam
898 2996 1025 3091 majora
1046 3012 1217 3091 parantur.

251 3090 257 3109 ⁹
329 3118 405 3184 Huc
423 3113 561 3184 adverte
577 3116 729 3185 animum
746 3142 755 3185 ε
772 3112 863 3186 clara
879 3118 1015 3214 regione
1030 3118 1189 3213 profundi
1260 3192 1265 3213 Ι

330 3235 500 3323 muheres,
520 3233 688 3307 innumeri
704 3252 895 3310 statuerunt
910 3241 1043 3335 agmina
1062 3239 1157 3336 cycni
1174 3267 1183 3309 :

328 3358 405 3426 Sive
422 3357 483 3427 hos
500 3359 692 3452 Strymonia
707 3364 830 3431 Boreas
848 3361 944 3456 ejecit
960 3362 1001 3431 ab
1019 3366 1135 3451 Arcto,

328 3479 393 3545 Seu
408 3476 563 3549 foecunda
584 3474 691 3551 rehrt'
703 3480 827 3577 placidi
843 3481 1018 3561 clementia
1037 3484 1118 3555 Nili.

328 3598 489 3669 Fixerunt
503 3626 622 3670 cursus
640 3627 648 3671 ε
666 3603 820 3673 haerere
836 3605 870 3673 iu
892 3606 1038 3701 imagine
1053 3606 1185 3676 Thebas
1201 3634 1211 3677 ε

326 3719 415 3789 Nam
432 3744 502 3790 sese
518 3722 647 3792 immoti
665 3749 766 3819 gyro,
786 3740 887 3820 atque
902 3728 937 3793 in
956 3751 1039 3822 pace
1056 3726 1206 3817 silentes,

326 3842 399 3909 Ceu
416 3842 543 3931 muris,
564 3842 721 3939 valloque
740 3860 856 3917 tenent
873 3874 882 3914 ε
900 3848 958 3917 sed
977 3846 1095 3918 sortior
1112 3874 1188 3919 ecce

325 3960 494 4033 Adventat
509 3966 683 4059 perinane
699 3968 821 4038 cohors
840 3995 848 4037 :
872 3985 998 4065 septem
1012 3970 1130 4041 ordine
1143 3970 1236 4042 fulvo

325 4088 516 4183 armigeras
537 4090 657 4158 summi
672 4092 764 4161 Joris
780 4091 1118 4164 'exsultante'caterva
