2934 4950
70 462 101 511 t'·
116 446 185 513 ⁵⁰⁵·l
347 453 567 511 THEBAIDOS
589 454 703 511 LIBER
722 452 801 509 vul.
1057 450 1111 507 133

70 580 140 645 Hoc
158 575 275 646 molita
296 576 408 647 nefas?
429 579 526 647 citius
545 604 597 647 me
616 578 758 649 fulmina
774 585 907 665 contra,
969 612 973 620 ·

68 696 262 788 Infandum,
282 723 394 787 ruere,
415 712 447 767 et
467 722 588 792 magno
608 697 730 768 bellare
749 702 879 793 parenti
993 736 998 743 ·
1037 737 1040 744 ·

68 817 237 914 Adspiciat
256 843 265 887 ε
285 842 391 913 genus
408 818 488 887 huic
506 845 514 888 ι
535 818 592 887 sed
610 820 707 887 mitto
727 844 922 913 agnoscere,
939 821 1075 914 quando

67 941 117 1007 Tu
136 939 268 1009 diversa
283 939 375 1009 foves
393 966 401 1008 :
422 965 484 1009 noc
503 942 531 1009 si
549 942 659 1036 ipsum
679 942 831 1009 cominus
843 939 989 1035 Hyllum¹
1089 964 1093 971 ’

66 1058 192 1153 Tydeos
210 1060 307 1131 hasta
326 1062 392 1150 tui,
412 1062 586 1155 stygioque
604 1086 644 1130 ex
662 1060 745 1130 orbe
762 1063 936 1131 remissum

67 1180 308 1289 Amphitryona
326 1196 419 1278 petat
438 1209 445 1250 :
469 1191 581 1272 teno'o,
598 1196 836 1276 eternumque·
847 1184 966 1253 tenebo
983 1216 986 1222 ·
1089 1211 1092 1219 ·

65 1302 238 1391 Quantum
257 1302 329 1372 haec
348 1303 425 1372 diva
443 1326 578 1391 manus,
598 1304 728 1396 quoties
747 1302 917 1373 sudaverit
932 1306 1010 1398 agis
1085 1325 1088 1333 ·

63 1423 130 1491 Ista
148 1422 249 1511 milri,
269 1422 362 1493 duris
382 1422 526 1493 famulus
546 1448 650 1517 quum
668 1423 800 1492 casibus
817 1448 932 1493 omnes

64 1545 187 1612 Lustro
205 1567 310 1638 vagus
328 1558 432 1613 terras
452 1571 460 1612 :
481 1545 554 1639 ipsa
573 1540 654 1613 heu!
674 1568 784 1613 comos
800 1544 892 1613 invia
907 1568 1038 1614 mecum

64 1667 220 1753 Tartara,
240 1666 276 1733 ni
296 1667 442 1760 Superos
459 1664 615 1734 Acheron
634 1663 838 1753 excluderet,
858 1666 965 1735 isses:

63 1788 114 1855 Tu
133 1799 279 1881 patrans
296 1783 483 1882 coelumque
500 1784 584 1853 mihi
604 1810 612 1853 ε
633 1785 708 1877 quis
729 1798 822 1853 tanto
840 1783 947 1854 relatu

63 1906 202 2000 AEquet?
221 1906 308 1975 habe
327 1920 431 1995 totas,
448 1907 475 1974 si
494 1930 588 1975 mens
606 1905 813 1995 exscindere,
832 1904 974 1975 Thebas.

65 2029 156 2099 Cedo
171 2027 341 2124 equidem,
358 2030 557 2122 veniamque
574 2051 702 2123 precor.
713 2058 730 2093 s>
744 2029 804 2097 Sic
822 2052 918 2097 orsus
935 2028 1059 2097 abibat

64 2148 197 2219 Pallada
217 2150 339 2221 mulcet
357 2149 465 2221 honos
485 2176 494 2219 ι
515 2148 615 2219 rediit
633 2149 754 2220 ardore
770 2150 908 2219 remisso

63 2268 202 2360 Vultus,
222 2284 256 2340 et
273 2272 374 2341 erecti
390 2270 549 2340 sederunt
566 2271 710 2365 pectoris
729 2294 866 2363 angues.

108 2392 220 2461 Sentit
236 2392 343 2462 abisse
361 2394 469 2461 Deum
491 2416 499 2459 ε
520 2388 821 2460 leviusCadmeius
840 2394 979 2459 Haemon
1058 2416 1062 2432 ·

62 2512 140 2583 Tela
159 2527 265 2603 rotat,
284 2511 444 2607 nulloque
462 2505 600 2582 manum
619 2512 791 2605 cognoscit
809 2512 846 2579 in
865 2512 946 2580 ictu.
1026 2558 1028 2561 -

63 2640 159 2708 Tunc
177 2638 283 2733 magis
301 2652 401 2732 atque
419 2637 524 2730 magis
543 2637 630 2707 vires
649 2637 848 2728 animusque
866 2634 1042 2722 recfflunt,

63 2763 130 2830 Noc
149 2759 261 2856 pudor
278 2760 326 2829 ire
344 2773 434 2828 retro
455 2785 463 2828 ε
486 2757 664 2828 cedentem·
675 2755 845 2826 acheloius
862 2755 963 2825 heros
1087 2771 1091 2779 ·

63 2881 212 2976 impetit,
232 2895 266 2952 et
283 2879 408 2950 librans
428 2881 487 2950 uni
504 2880 568 2949 sihi
586 2877 710 2948 missile
729 2876 851 2964 telum,
931 2905 938 2921 ¹

63 3003 194 3072 Direxit
208 3002 332 3095 jactus,
353 3026 488 3071 summae
507 3026 575 3095 qua
592 3002 744 3093 margine
762 3023 886 3094 panna

64 3127 132 3194 lma
149 3125 242 3196 sedet
259 3125 367 3220 galea,
388 3140 421 3195 et
437 3123 548 3220 juguli
567 3123 681 3194 vitalia
699 3122 823 3192 lucent.
854 3143 859 3150 ·

66 3247 135 3316 Noc
150 3246 309 3316 stustsnta
324 3271 459 3336 manus,
478 3260 685 3339 mortemque
705 3246 878 3313 invenerat
896 3241 1012 3327 hastn3

66 3366 127 3436 Sod
147 3366 318 3461 prohibet,
339 3365 555 3461 paullumque
574 3365 704 3434 humeri
723 3364 830 3434 libare
848 3362 974 3432 sinistri

66 3489 225 3576 Praebuit,
245 3503 279 3557 et
296 3489 414 3557 merito
433 3489 541 3582 parcit
558 3487 710 3555 Tritonia
728 3484 836 3554 fratri.

67 3607 122 3678 Ille
138 3625 249 3679 tamen
270 3633 331 3678 nec
347 3623 434 3679 stare
451 3607 541 3697 loco,
560 3631 622 3677 nec
641 3607 794 3676 cominus
813 3606 862 3674 ire

68 3730 231 3826 Amplius,
250 3745 309 3800 aut
326 3729 437 3800 vultus
456 3727 556 3800 audet
574 3727 719 3824 perferre
739 3727 868 3796 cruenti

69 3851 194 3943 Tydeos
213 3877 221 3919 ε
242 3875 328 3946 agra
347 3853 460 3920 animo
477 3851 545 3938 vis,
566 3875 604 3919 ac
622 3848 745 3918 fiducia
763 3847 872 3915 cessit.

113 3973 231 4064 Qualis
250 3977 423 4069 setigerum
440 3973 560 4044 lucana
580 3969 715 4067 cuspide
733 3969 879 4038 frontem
915 3993 919 3999 ·
976 4015 980 4021 -

71 4095 206 4165 Strictus
224 4121 315 4190 aper,
332 4098 465 4190 penitus
482 4097 535 4166 cui
552 4119 620 4163 non
641 4091 764 4162 infossa
783 4088 919 4159 cerebro
