2934 4950
346 420 404 457 210
660 399 875 457 THEBAIDOS
897 401 1008 493 LlBEll
1028 402 1067 456 11.
1280 402 1384 466 (aaa)

342 529 416 596 Jam
438 527 622 596 Telamona
639 525 726 615 solo,
742 527 811 620 jam
828 540 972 594 stratum
991 527 1107 596 Ixiona
1125 523 1293 620 linquent,

342 653 409 737 Te,
427 648 612 744 Meleagro,
629 648 720 718 subit
737 673 746 715 z
761 647 806 717 ibi
824 646 961 718 demum
977 646 1115 740 cuspide
1130 645 1201 724 lata¹

342 769 464 858 Haesit,
479 785 514 838 et
534 770 659 838 obnixo
677 769 804 839 serrum
827 769 951 839 laxavit
965 769 1000 839 in
1020 794 1123 838 armo.

390 889 480 960 Talis
497 888 609 960 adhuc
627 890 799 984 trepidum
818 887 918 985 liquit
934 888 1139 984 Calydonius
1157 889 1257 962 beros

340 1011 547 1101 Concilium,
568 1010 762 1080 infrendens
783 1012 847 1105 ipsi
866 1035 928 1080 ceu
948 1035 1052 1105 regna
1070 1025 1257 1104 negentur:

339 1137 554 1228 Festinatqne
572 1133 663 1220 vias,
680 1155 878 1225 ramumque
896 1132 1065 1226 precantis
1083 1129 1178 1202 olivoe

339 1233 465 1351 Abjicit
482 1284 490 1326 :
508 1258 660 1333 attonite
677 1267 844 1322 tectorum
863 1277 904 1320 ex
920 1250 1069 1324 culmine
1087 1276 1218 1330 summo

337 1380 558 1472 Prospectant
573 1391 718 1463 matres,
739 1397 894 1467 saevoque
910 1371 1047 1446 infanda
1063 1387 1243 1467 precantur

338 1498 497 1585 OEnidae,
515 1498 686 1590 tacitoque
701 1493 802 1564 simul
821 1493 883 1563 sub
902 1506 1037 1589 pectore
1053 1495 1135 1588 regi.

387 1622 460 1691 Nec
478 1620 574 1714 piger
587 1617 725 1713 ingenio
742 1616 925 1703 scelerum,
942 1613 1136 1709 fraudisque
1152 1613 1305 1689 nebnda

337 1745 461 1810 Rector
477 1755 553 1836 eget
566 1739 753 1832 :juvenum
770 1734 854 1806 lidos
872 1734 1051 1810 lectissima
1071 1736 1160 1808 bello

337 1864 488 1957 Corpora
505 1885 597 1930 nunc
617 1860 744 1954 pretio,
765 1883 857 1929 nunc
874 1857 931 1929 ille
952 1861 1165 1932 hortantibus
1181 1844 1301 1934 ardens

336 1981 500 2052 Sollicitat
517 1981 630 2070 dictis,
646 1996 883 2076 nocturnaque
904 1981 1022 2076 proclia
1039 2006 1144 2055 savus
1249 2046 1252 2054 ,

336 2104 494 2189 Instruit,
510 2116 544 2172 et
558 2116 713 2172 sanctum
727 2101 861 2198 populis
878 2127 940 2198 per
958 2102 1077 2174 secula
1092 2128 1214 2176 nomeu

334 2231 498 2322 Legatum
518 2222 664 2309 insidiis,
682 2223 852 2316 tacitaque
867 2222 1026 2296 invadere
1047 2222 1155 2311 ferro,

336 2346 446 2442 (Quid
461 2347 575 2443 regnis
591 2368 660 2412 non
678 2341 791 2439 vilei)
809 2345 903 2440 cupit
923 2370 931 2414 :
950 2369 1033 2439 quas
1050 2360 1215 2438 quereret
1232 2359 1322 2420 artas

333 2469 371 2537 si
388 2469 543 2555 fratrem,
565 2471 733 2559 Fortuna,
753 2463 869 2537 dares?
888 2491 910 2539 o
930 2490 1016 2537 casca
1033 2480 1214 2549 noeentum

334 2585 498 2661 Consilial
518 2614 538 2657 ο
558 2612 691 2684 semper
706 2586 863 2659 timidum
884 2584 1006 2661 scelus!
1023 2578 1090 2657 exit
1110 2589 1146 2659 in
1163 2613 1270 2661 uuum

332 2709 429 2780 Plebs
444 2707 536 2779 ferro
548 2709 662 2804 jurata
679 2723 801 2805 eaput:
823 2733 885 2779 ceu
904 2722 1012 2781 castra
1032 2708 1144 2782 subire

331 2836 498 2926 Apparet,
519 2845 578 2902 aut
600 2828 728 2901 cabum
747 2831 873 2902 crebris
895 2832 1055 2903 arietibus
1075 2832 1166 2909 urbis

275 2944 277 2947 ’
331 2948 496 3020 inclinare
515 2950 629 3021 latus:
650 2952 745 3021 densi
763 2954 810 3021 sic
829 2954 964 3046 agmine
980 2953 1069 3025 facto

329 3072 587 3165 Quinquaginta
604 3071 680 3142 altis
699 3072 891 3143 funduntur
909 3075 943 3144 in
960 3074 1077 3145 ordine
1090 3074 1208 3169 portia.

330 3188 442 3257 Macte
461 3189 585 3276 animi,
601 3192 701 3259 untia
720 3190 841 3285 dignus
857 3194 915 3287 qui
928 3192 1070 3265 mederis
1092 3194 1204 3269 armis.

379 3312 458 3376 Fert
467 3308 522 3377 via
541 3335 601 3405 per
616 3310 737 3383 dumos
753 3316 916 3413 propior,
952 3340 1020 3409 qua
1037 3312 1257 3391 calle-latenti

328 3425 569 3519 Praeeelerant,
589 3429 766 3527 densaque
778 3430 893 3529 legunt
911 3436 1111 3532 compendia¹
1129 3434 1229 3510 silva.

328 3547 433 3617 Lecta
451 3546 537 3619 dolis
550 3549 654 3622 sedes.
673 3550 807 3627 Gemini
826 3554 945 3652 procul
959 3557 1049 3630 urhe.
1057 3556 1215 3654 malignis

329 3666 495 3737 Faucibus
512 3687 677 3767 urgentur
690 3673 813 3764 collas,
832 3702 918 3771 quos
936 3678 1058 3755 umbra
1076 3681 1214 3775 superni

328 3789 477 3879 Montis,
495 3806 529 3861 et
542 3793 691 3865 incurvis
711 3793 876 3869 claudunt
886 3798 967 3893 juga
979 3799 1120 3870 lrbndea
1139 3800 1252 3872 silvis:

328 3907 470 3981 Insidias
483 3925 604 3984 namra
623 3912 709 4005 loco,
728 3941 918 4013 canamque
934 3917 1061 3995 latendi

328 4030 457 4102 Strurit
476 4058 574 4129 opem
595 4061 603 4105 :
625 4036 752 4111 medias
770 4054 861 4114 arcte
874 4054 963 4117 secat
976 4066 1095 4137 aspera
1107 4067 1207 4138 rupes
