2934 4950
390 384 426 439 ao
700 378 911 437 rnnauoos
931 376 1041 433 tuna
1061 376 1109 430 vr.
1319 371 1409 434 (aas.)

391 492 567 591 Culmina,
588 528 647 573 ceu
666 503 740 573 latae
760 502 940 571 tremefecit
957 500 1044 571 mole
1062 502 1177 569 ruinae.

439 624 548 713 Quale
564 624 752 719 vaporifera
772 648 889 693 saxum
908 621 1131 717 Polyphemus
1148 620 1192 689 ab
1209 622 1306 688 AEtna

342 816 344 823 ,
390 748 491 815 Lucis
509 760 628 840 egente
650 770 771 829 manu,
790 758 900 813 tamen
922 746 956 812 iu
974 744 1112 839 vestigia
1129 743 1251 837 puppis

390 866 537 953 Auditae,
554 865 715 959 juxtaque
733 865 907 934 inimicum
925 865 1035 959 exegit
1054 863 1187 932 Ulixen.

390 989 445 1057 Sic
466 1001 499 1055 et
518 984 660 1074 Aloidae,
681 1012 787 1081 quum
801 987 873 1079 jam
891 984 1014 1054 celaret
1030 981 1212 1079 Olympum

390 1112 542 1203 Desuper
558 1108 642 1175 Ossa
663 1108 794 1202 rigens,
813 1109 921 1201 ipsum
940 1103 1079 1201 glaciale
1098 1105 1248 1174 ferebant

390 1228 525 1316 Pelion,
541 1242 574 1297 et
588 1227 719 1323 trepido
737 1229 916 1324 sperabant
930 1228 1071 1323 jungere
1085 1224 1179 1295 coelo.

438 1353 533 1419 Tunc
555 1350 685 1445 genitus
704 1348 808 1419 Talao
829 1350 949 1419 victori
968 1325 1070 1461 tigrin
1090 1350 1223 1417 inanem

389 1474 443 1540 lre
454 1470 570 1565 jubet,
587 1469 682 1541 fulvo
701 1496 775 1565 quae
793 1470 994 1539 circumfusa
1011 1470 1137 1539 nitebat

389 1596 562 1690 Margine,
580 1610 613 1663 et
633 1609 799 1663 extremos
816 1617 898 1662 auro
916 1606 1148 1661 mansueverat
1166 1615 1305 1686 ungues.

390 1716 591 1785 Gnossiacos
612 1739 709 1785 arcus
728 1702 847 1798 habet,
868 1728 902 1782 et
920 1738 1005 1807 vaga
1025 1711 1089 1782 tela
1107 1712 1330 1781 Menestheus.

392 1866 409 1900 a
422 1838 466 1905 At
484 1837 563 1921 tibi,
585 1837 649 1924 ait,
671 1833 839 1930 Phlegya,
857 1860 935 1904 casu
956 1834 1110 1904 frustrate
1131 1835 1284 1920 sinistro,

391 1960 508 2045 Hunc,
527 1955 695 2049 quondam
714 1957 820 2023 nostri
838 1954 957 2044 decus,
975 1954 1202 2049 auxiliumque
1216 1952 1358 2048 Pelasgi,

391 2082 491 2149 Ferre
505 2075 641 2163 damus,
656 2078 864 2169 nequeenim
877 2075 1112 2172 Hippomedon
1124 2075 1296 2163 inviderit,
1310 2098 1407 2143 ensem

440 2198 567 2267 «Nunc
586 2221 670 2291 opus
691 2211 741 2265 est
759 2198 877 2265 animis
889 2196 1033 2277 ‚infestos
1052 2196 1170 2267 tollere
1188 2212 1306 2267 caestus

392 2321 552 2389 Cominus
569 2346 576 2387 :
594 2319 665 2389 haec
686 2315 780 2387 bellis
797 2332 832 2386 et
846 2318 935 2387 ferro
950 2320 1103 2413 proxima
1122 2320 1271 2388 virtus.»

391 2441 550 2511 Constitit
567 2440 720 2509 immanis
739 2441 850 2528 cerni,
869 2441 1090 2534 immanisque
1111 2441 1237 2528 teneri,

394 2559 568 2658 Argolicus
586 2564 762 2657 Capaneus
780 2587 788 2630 ε
809 2586 848 2630 ac
867 2561 948 2630 dum
967 2563 1135 2658 nigrantia
1155 2562 1294 2662 plumbo

288 2719 291 2724 ·
390 2683 550 2778 Tegmina
568 2680 672 2751 cruda
691 2682 809 2770 boum,
830 2707 899 2754 non
915 2681 1048 2752 mollior
1066 2685 1154 2778 ipse,
1173 2682 1302 2752 lacertis

390 2800 545 2870 induitur
564 2827 572 2870 :
592 2805 705 2871 «Date
720 2817 770 2871 tot
783 2804 944 2895 juvenum
964 2803 1005 2872 de
1021 2803 1166 2874 millibus
1184 2830 1289 2874 unum

392 2926 485 3009 lluc,
506 2924 568 3011 ait;
586 2938 685 3017 atque
703 2926 833 2993 utinam
851 2926 962 3019 potius
982 2925 1023 2994 de
1043 2928 1145 3020 stirpe
1165 2928 1293 3012 veniret

393 3042 543 3112 AEmulus
564 3046 689 3128 Aonia,
709 3071 809 3139 quem
827 3044 876 3114 fas
895 3045 1070 3116 demittere
1089 3045 1175 3118 leto:

392 3166 462 3233 Nec
479 3189 551 3234 mea
573 3165 716 3268 crudelis
734 3165 824 3235 civili
841 3169 1001 3262 sanguine
1020 3171 1137 3239 virtus.
1148 3201 1165 3234 »

392 3283 604 3380 Obstupuere
621 3288 741 3374 animi,
760 3286 902 3380 fecitque
923 3286 1055 3358 silentia
1075 3306 1194 3360 terror.

439 3405 614 3474 Tandem
606 3409 794 3500 msperatus
813 3407 903 3478 nuda
923 3409 964 3478 de
982 3409 1079 3504 plebe
1095 3415 1268 3480 Laconum

379 3523 524 3627 Prosilit
543 3524 756 3596 Alcidamas:
749 3530 938 3598 mirantur
954 3531 1078 3601 Dorica
1098 3557 1215 3628 regum

393 3647 558 3739 Agmina:
577 3645 635 3718 sed
656 3649 736 3718 socii
726 3649 873 3720 fretum
894 3652 1028 3722 Polluce
1044 3656 1202 3750 magistro

391 3766 540 3855 Norant,
560 3784 594 3837 et
609 3793 720 3840 sacras
740 3773 829 3841 inter
848 3773 990 3843 crevisse
1008 3773 1188 3870 palaestras.

391 3888 466 3980 Ipse
486 3891 576 3958 Deus
594 3892 772 3985 posuitque
791 3918 926 3982 manus,
944 3910 978 3964 et
996 3896 1131 3966 brachia
1152 3896 1248 3967 fiuxit

392 4006 568 4077 Materiam
586 4010 762 4105 (suadebat
779 4012 918 4110 amor):
940 4030 1020 4086 tunc
1042 4042 1128 4112 saepe
1146 4019 1267 4089 locavit
