<?xml version="1.0" encoding="UTF-8"?>
<!DOCTYPE html PUBLIC "-//W3C//DTD XHTML 1.0 Transitional//EN"
    "http://www.w3.org/TR/xhtml1/DTD/xhtml1-transitional.dtd">
<html xmlns="http://www.w3.org/1999/xhtml" xml:lang="en" lang="en">
 <head>
  <title>
</title>
<meta http-equiv="Content-Type" content="text/html;charset=utf-8" />
  <meta name='ocr-system' content='tesseract 3.04.00' />
  <meta name='ocr-capabilities' content='ocr_page ocr_carea ocr_par ocr_line ocrx_word'/>
</head>
<body>
  <div class='ocr_page' id='page_1' title='image "./operaquaeextant01dbgoog_0542.png"; bbox 0 0 2934 4950; ppageno 0'>
   <div class='ocr_carea' id='block_1_1' title="bbox 99 425 1262 506">
    <p class='ocr_par' dir='ltr' id='par_1_1' title="bbox 99 425 1262 506">
     <span class='ocr_line' id='line_1_1' title="bbox 99 425 1262 506; baseline 0.012 -15"><span class='ocrx_word' id='word_1_1' title='bbox 99 443 215 506; x_wconf 61' lang='grc' dir='ltr'>(ωε.)</span> <span class='ocrx_word' id='word_1_2' title='bbox 412 425 626 499; x_wconf 72' lang='lat' dir='ltr'><strong>annulinus</strong></span> <span class='ocrx_word' id='word_1_3' title='bbox 649 441 759 500; x_wconf 71' lang='lat' dir='ltr'><strong>amaa</strong></span> <span class='ocrx_word' id='word_1_4' title='bbox 779 441 829 499; x_wconf 75' lang='lat' dir='ltr'><strong>ru.</strong></span> <span class='ocrx_word' id='word_1_5' title='bbox 1093 449 1149 504; x_wconf 74' lang='lat'><strong>213</strong></span> <span class='ocrx_word' id='word_1_6' title='bbox 1259 435 1262 442; x_wconf 83' lang='lat'>&#39;</span> 
     </span>
    </p>
   </div>
   <div class='ocr_carea' id='block_1_2' title="bbox 90 567 1139 3705">
    <p class='ocr_par' dir='ltr' id='par_1_2' title="bbox 90 567 1139 3705">
     <span class='ocr_line' id='line_1_2' title="bbox 99 567 1014 659; baseline -0.007 -19"><span class='ocrx_word' id='word_1_7' title='bbox 99 572 227 659; x_wconf 83' lang='lat' dir='ltr'><strong>Sensit,</strong></span> <span class='ocrx_word' id='word_1_8' title='bbox 241 583 274 638; x_wconf 92' lang='lat' dir='ltr'><strong>et</strong></span> <span class='ocrx_word' id='word_1_9' title='bbox 290 573 424 654; x_wconf 79' lang='lat' dir='ltr'><strong>OEtaeas</strong></span> <span class='ocrx_word' id='word_1_10' title='bbox 439 569 598 639; x_wconf 84' lang='lat' dir='ltr'>membris</span> <span class='ocrx_word' id='word_1_11' title='bbox 614 567 772 640; x_wconf 81' lang='lat' dir='ltr'><strong>accedere</strong></span> <span class='ocrx_word' id='word_1_12' title='bbox 788 585 907 655; x_wconf 80' lang='lat' dir='ltr'><strong>vestes,</strong></span> <span class='ocrx_word' id='word_1_13' title='bbox 1007 621 1014 634; x_wconf 90' lang='lat'>.</span> 
     </span>
     <span class='ocr_line' id='line_1_3' title="bbox 96 689 1048 787; baseline -0.002 -26"><span class='ocrx_word' id='word_1_14' title='bbox 96 695 186 762; x_wconf 85' lang='lat' dir='ltr'><strong>Vota</strong></span> <span class='ocrx_word' id='word_1_15' title='bbox 203 693 335 787; x_wconf 89' lang='lat' dir='ltr'><strong>incepta</strong></span> <span class='ocrx_word' id='word_1_16' title='bbox 356 705 483 779; x_wconf 88' lang='lat' dir='ltr'><strong>tamen,</strong></span> <span class='ocrx_word' id='word_1_17' title='bbox 502 689 672 785; x_wconf 83' lang='lat' dir='ltr'><strong>libataque</strong></span> <span class='ocrx_word' id='word_1_18' title='bbox 689 691 791 762; x_wconf 89' lang='lat' dir='ltr'><strong>thura</strong></span> <span class='ocrx_word' id='word_1_19' title='bbox 804 691 929 761; x_wconf 85' lang='lat' dir='ltr'><strong>ferebat</strong></span> <span class='ocrx_word' id='word_1_20' title='bbox 1045 745 1048 748; x_wconf 76' lang='lat'><strong>.</strong></span> 
     </span>
     <span class='ocr_line' id='line_1_4' title="bbox 96 797 1052 908; baseline -0.001 -25"><span class='ocrx_word' id='word_1_21' title='bbox 96 817 213 884; x_wconf 86' lang='lat' dir='ltr'><strong>Durus</strong></span> <span class='ocrx_word' id='word_1_22' title='bbox 224 813 351 902; x_wconf 86' lang='lat' dir='ltr'><strong>adhuc,</strong></span> <span class='ocrx_word' id='word_1_23' title='bbox 364 815 560 908; x_wconf 89' lang='lat' dir='ltr'><strong>patiensque</strong></span> <span class='ocrx_word' id='word_1_24' title='bbox 577 797 670 900; x_wconf 86' lang='lat' dir='ltr'><strong>mali,</strong></span> <span class='ocrx_word' id='word_1_25' title='bbox 684 837 763 882; x_wconf 85' lang='lat' dir='ltr'><strong>mox</strong></span> <span class='ocrx_word' id='word_1_26' title='bbox 776 813 902 908; x_wconf 79' lang='lat' dir='ltr'><strong>grande</strong></span> <span class='ocrx_word' id='word_1_27' title='bbox 916 827 1052 883; x_wconf 84' lang='lat' dir='ltr'><strong>coactus</strong></span> 
     </span>
     <span class='ocr_line' id='line_1_5' title="bbox 95 923 950 1030; baseline 0 -26"><span class='ocrx_word' id='word_1_28' title='bbox 95 936 282 1030; x_wconf 83' lang='lat' dir='ltr'><strong>Ingemuit,</strong></span> <span class='ocrx_word' id='word_1_29' title='bbox 301 935 474 1028; x_wconf 89' lang='lat' dir='ltr'><strong>victorque</strong></span> <span class='ocrx_word' id='word_1_30' title='bbox 492 933 574 1003; x_wconf 89' lang='lat' dir='ltr'><strong>furit</strong></span> <span class='ocrx_word' id='word_1_31' title='bbox 593 923 652 1029; x_wconf 90' lang='lat' dir='ltr'><strong>per</strong></span> <span class='ocrx_word' id='word_1_32' title='bbox 670 935 796 1004; x_wconf 86' lang='lat' dir='ltr'><strong>viscera</strong></span> <span class='ocrx_word' id='word_1_33' title='bbox 815 937 950 1004; x_wconf 79' lang='lat' dir='ltr'>Nessus.</span> 
     </span>
     <span class='ocr_line' id='line_1_6' title="bbox 96 1057 881 1150; baseline -0.001 -24"><span class='ocrx_word' id='word_1_34' title='bbox 96 1058 246 1126; x_wconf 80' lang='lat' dir='ltr'>Nuntius</span> <span class='ocrx_word' id='word_1_35' title='bbox 262 1057 412 1124; x_wconf 86' lang='lat' dir='ltr'><strong>exanimi·</strong></span> <span class='ocrx_word' id='word_1_36' title='bbox 427 1079 606 1150; x_wconf 87' lang='lat' dir='ltr'><strong>suspensus</strong></span> <span class='ocrx_word' id='word_1_37' title='bbox 624 1069 760 1149; x_wconf 81' lang='lat' dir='ltr'>pectora</span> <span class='ocrx_word' id='word_1_38' title='bbox 771 1073 881 1125; x_wconf 87' lang='lat' dir='ltr'><strong>&#39;cursu</strong></span> 
     </span>
     <span class='ocr_line' id='line_1_7' title="bbox 97 1171 882 1273; baseline -0.003 -24"><span class='ocrx_word' id='word_1_39' title='bbox 97 1181 238 1272; x_wconf 85' lang='lat' dir='ltr'><strong>AEpytus</strong></span> <span class='ocrx_word' id='word_1_40' title='bbox 252 1177 295 1247; x_wconf 90' lang='lat' dir='ltr'><strong>ad</strong></span> <span class='ocrx_word' id='word_1_41' title='bbox 316 1200 445 1273; x_wconf 89' lang='lat' dir='ltr'><strong>regem,</strong></span> <span class='ocrx_word' id='word_1_42' title='bbox 463 1171 568 1272; x_wconf 71' lang='lat' dir='ltr'><strong>portae</strong></span> <span class='ocrx_word' id='word_1_43' title='bbox 587 1178 730 1246; x_wconf 88' lang='lat' dir='ltr'><strong>statione</strong></span> <span class='ocrx_word' id='word_1_44' title='bbox 748 1176 882 1261; x_wconf 86' lang='lat' dir='ltr'><strong>relicta,</strong></span> 
     </span>
     <span class='ocr_line' id='line_1_8' title="bbox 93 1297 988 1393; baseline 0.002 -25"><span class='ocrx_word' id='word_1_45' title='bbox 93 1299 234 1389; x_wconf 87' lang='lat' dir='ltr'><strong>Tendit,</strong></span> <span class='ocrx_word' id='word_1_46' title='bbox 252 1314 287 1368; x_wconf 91' lang='lat' dir='ltr'><strong>et</strong></span> <span class='ocrx_word' id='word_1_47' title='bbox 305 1298 377 1368; x_wconf 87' lang='lat' dir='ltr'><strong>baec</strong></span> <span class='ocrx_word' id='word_1_48' title='bbox 395 1297 528 1393; x_wconf 90' lang='lat' dir='ltr'><strong>trepido</strong></span> <span class='ocrx_word' id='word_1_49' title='bbox 549 1298 603 1368; x_wconf 84' lang='lat' dir='ltr'><strong>vix</strong></span> <span class='ocrx_word' id='word_1_50' title='bbox 624 1297 812 1380; x_wconf 85' lang='lat' dir='ltr'><strong>intellectus</strong></span> <span class='ocrx_word' id='word_1_51' title='bbox 831 1297 988 1370; x_wconf 83' lang='lat' dir='ltr'><strong>anhelat:</strong></span> 
     </span>
     <span class='ocr_line' id='line_1_9' title="bbox 94 1417 991 1516; baseline 0.004 -30"><span class='ocrx_word' id='word_1_52' title='bbox 94 1453 111 1486; x_wconf 67' lang='lat' dir='ltr'><strong>a</strong></span> <span class='ocrx_word' id='word_1_53' title='bbox 129 1425 264 1516; x_wconf 82' lang='lat' dir='ltr'>Rumpe</span> <span class='ocrx_word' id='word_1_54' title='bbox 279 1421 352 1516; x_wconf 90' lang='lat' dir='ltr'><strong>pios</strong></span> <span class='ocrx_word' id='word_1_55' title='bbox 368 1417 499 1508; x_wconf 91' lang='lat' dir='ltr'><strong>cultus,</strong></span> <span class='ocrx_word' id='word_1_56' title='bbox 522 1420 836 1515; x_wconf 84' lang='lat' dir='ltr'><strong>intempestivaque,</strong></span> <span class='ocrx_word' id='word_1_57' title='bbox 855 1435 991 1508; x_wconf 83' lang='lat' dir='ltr'><strong>rector,-</strong></span> 
     </span>
     <span class='ocr_line' id='line_1_10' title="bbox 94 1539 1055 1630; baseline -0.002 -18"><span class='ocrx_word' id='word_1_58' title='bbox 94 1545 196 1612; x_wconf 84' lang='lat' dir='ltr'><strong>Saera</strong></span> <span class='ocrx_word' id='word_1_59' title='bbox 215 1545 353 1613; x_wconf 88' lang='lat' dir='ltr'><strong>Deum:</strong></span> <span class='ocrx_word' id='word_1_60' title='bbox 372 1541 475 1610; x_wconf 80' lang='lat' dir='ltr'><strong>frater</strong></span> <span class='ocrx_word' id='word_1_61' title='bbox 492 1543 598 1610; x_wconf 88' lang='lat' dir='ltr'><strong>muris</strong></span> <span class='ocrx_word' id='word_1_62' title='bbox 616 1539 1055 1630; x_wconf 71' lang='lat' dir='ltr'><strong>circumomuibus&#39;iustat,</strong></span> 
     </span>
     <span class='ocr_line' id='line_1_11' title="bbox 92 1657 953 1760; baseline -0.002 -24"><span class='ocrx_word' id='word_1_63' title='bbox 92 1669 340 1760; x_wconf 89' lang='lat' dir='ltr'><strong>Portarumque</strong></span> <span class='ocrx_word' id='word_1_64' title='bbox 359 1657 470 1737; x_wconf 85' lang='lat' dir='ltr'><strong>moras</strong></span> <span class='ocrx_word' id='word_1_65' title='bbox 488 1663 591 1734; x_wconf 87' lang='lat' dir='ltr'><strong>frenis</strong></span> <span class='ocrx_word' id='word_1_66' title='bbox 603 1659 767 1753; x_wconf 83' lang='lat' dir='ltr'><strong>assultat,</strong></span> <span class='ocrx_word' id='word_1_67' title='bbox 784 1680 819 1734; x_wconf 93' lang='lat' dir='ltr'><strong>et</strong></span> <span class='ocrx_word' id='word_1_68' title='bbox 834 1663 953 1751; x_wconf 87' lang='lat' dir='ltr'><strong>hastis,</strong></span> 
     </span>
     <span class='ocr_line' id='line_1_12' title="bbox 93 1783 955 1883; baseline -0.006 -25"><span class='ocrx_word' id='word_1_69' title='bbox 93 1787 241 1858; x_wconf 88' lang='lat' dir='ltr'><strong>Nomine</strong></span> <span class='ocrx_word' id='word_1_70' title='bbox 251 1801 284 1856; x_wconf 87' lang='lat' dir='ltr'><strong>te</strong></span> <span class='ocrx_word' id='word_1_71' title='bbox 296 1786 429 1879; x_wconf 74' lang='lat' dir='ltr'><strong>crebro,</strong></span> <span class='ocrx_word' id='word_1_72' title='bbox 441 1802 473 1857; x_wconf 91' lang='lat' dir='ltr'><strong>te</strong></span> <span class='ocrx_word' id='word_1_73' title='bbox 483 1783 592 1856; x_wconf 90' lang='lat' dir='ltr'><strong>solum</strong></span> <span class='ocrx_word' id='word_1_74' title='bbox 602 1787 636 1856; x_wconf 89' lang='lat' dir='ltr'><strong>in</strong></span> <span class='ocrx_word' id='word_1_75' title='bbox 644 1784 765 1883; x_wconf 91' lang='lat' dir='ltr'><strong>-proelia</strong></span> <span class='ocrx_word' id='word_1_76' title='bbox 775 1811 925 1881; x_wconf 88' lang='lat' dir='ltr'><strong>poscens.</strong></span> <span class='ocrx_word' id='word_1_77' title='bbox 938 1817 955 1853; x_wconf 73' lang='lat'><strong>&gt;2</strong></span> 
     </span>
     <span class='ocr_line' id='line_1_13' title="bbox 91 1906 974 2002; baseline -0.003 -23"><span class='ocrx_word' id='word_1_78' title='bbox 91 1907 192 1979; x_wconf 88' lang='lat' dir='ltr'><strong>Flent</strong></span> <span class='ocrx_word' id='word_1_79' title='bbox 202 1910 316 1980; x_wconf 82' lang='lat' dir='ltr'><strong>moesti</strong></span> <span class='ocrx_word' id='word_1_80' title='bbox 336 1925 428 1979; x_wconf 90' lang='lat' dir='ltr'><strong>retro</strong></span> <span class='ocrx_word' id='word_1_81' title='bbox 444 1911 599 1996; x_wconf 80' lang='lat' dir='ltr'><strong>comites,</strong></span> <span class='ocrx_word' id='word_1_82' title='bbox 617 1924 650 1978; x_wconf 90' lang='lat' dir='ltr'><strong>et</strong></span> <span class='ocrx_word' id='word_1_83' title='bbox 669 1924 809 2002; x_wconf 91' lang='lat' dir='ltr'><strong>uterque</strong></span> <span class='ocrx_word' id='word_1_84' title='bbox 824 1906 974 2002; x_wconf 89' lang='lat' dir='ltr'><strong>loquenti</strong></span> 
     </span>
     <span class='ocr_line' id='line_1_14' title="bbox 91 2021 937 2127; baseline -0.005 -26"><span class='ocrx_word' id='word_1_85' title='bbox 91 2029 264 2126; x_wconf 78' lang='lat' dir='ltr'><strong>Adgemit,</strong></span> <span class='ocrx_word' id='word_1_86' title='bbox 281 2045 316 2100; x_wconf 90' lang='lat' dir='ltr'><strong>et</strong></span> <span class='ocrx_word' id='word_1_87' title='bbox 334 2021 440 2127; x_wconf 81' lang='lat' dir='ltr'><strong>pulsis</strong></span> <span class='ocrx_word' id='word_1_88' title='bbox 457 2031 623 2100; x_wconf 83' lang='lat' dir='ltr'><strong>exercitus</strong></span> <span class='ocrx_word' id='word_1_89' title='bbox 643 2021 806 2124; x_wconf 74' lang='lat' dir='ltr'><strong>obstrepit</strong></span> <span class='ocrx_word' id='word_1_90' title='bbox 826 2031 937 2098; x_wconf 75' lang='lat' dir='ltr'><strong>armis,</strong></span> 
     </span>
     <span class='ocr_line' id='line_1_15' title="bbox 91 2150 1130 2247; baseline 0.001 -26"><span class='ocrx_word' id='word_1_91' title='bbox 91 2151 155 2222; x_wconf 92' lang='lat' dir='ltr'><strong>Ille</strong></span> <span class='ocrx_word' id='word_1_92' title='bbox 169 2150 286 2222; x_wconf 87' lang='lat' dir='ltr'><strong>vocat!</strong></span> <span class='ocrx_word' id='word_1_93' title='bbox 305 2154 405 2223; x_wconf 90' lang='lat' dir='ltr'><strong>Nunc</strong></span> <span class='ocrx_word' id='word_1_94' title='bbox 421 2166 554 2247; x_wconf 90' lang='lat' dir='ltr'><strong>tempus</strong></span> <span class='ocrx_word' id='word_1_95' title='bbox 570 2167 658 2238; x_wconf 90' lang='lat' dir='ltr'><strong>erat,</strong></span> <span class='ocrx_word' id='word_1_96' title='bbox 676 2167 767 2221; x_wconf 90' lang='lat' dir='ltr'><strong>sator</strong></span> <span class='ocrx_word' id='word_1_97' title='bbox 782 2153 912 2247; x_wconf 89' lang='lat' dir='ltr'><strong>optime</strong></span> <span class='ocrx_word' id='word_1_98' title='bbox 926 2154 1070 2222; x_wconf 62' lang='lat' dir='ltr'><strong>Divum„</strong></span> <span class='ocrx_word' id='word_1_99' title='bbox 1126 2230 1130 2236; x_wconf 11' lang='grc' dir='ltr'>φ</span> 
     </span>
     <span class='ocr_line' id='line_1_16' title="bbox 91 2271 1038 2372; baseline -0.003 -28"><span class='ocrx_word' id='word_1_100' title='bbox 91 2273 187 2366; x_wconf 89' lang='lat' dir='ltr'><strong>Quid</strong></span> <span class='ocrx_word' id='word_1_101' title='bbox 206 2277 330 2345; x_wconf 90' lang='lat' dir='ltr'><strong>meruit</strong></span> <span class='ocrx_word' id='word_1_102' title='bbox 346 2274 545 2372; x_wconf 81' lang='lat' dir='ltr'><strong>Capaneus?</strong></span> <span class='ocrx_word' id='word_1_103' title='bbox 556 2303 573 2338; x_wconf 74' lang='lat'><strong>2&gt;</strong></span> <span class='ocrx_word' id='word_1_104' title='bbox 589 2274 759 2343; x_wconf 82' lang='lat' dir='ltr'><strong>Turbatus</strong></span> <span class='ocrx_word' id='word_1_105' title='bbox 776 2275 944 2342; x_wconf 80' lang='lat' dir='ltr'><strong>inhorruit</strong></span> <span class='ocrx_word' id='word_1_106' title='bbox 961 2271 1038 2342; x_wconf 86' lang='lat' dir='ltr'><strong>altis</strong></span> 
     </span>
     <span class='ocr_line' id='line_1_17' title="bbox 91 2396 961 2492; baseline -0.003 -27"><span class='ocrx_word' id='word_1_107' title='bbox 91 2400 165 2465; x_wconf 84' lang='lat' dir='ltr'><strong>Rex</strong></span> <span class='ocrx_word' id='word_1_108' title='bbox 187 2397 288 2484; x_wconf 93' lang='lat' dir='ltr'><strong>odiis,</strong></span> <span class='ocrx_word' id='word_1_109' title='bbox 308 2397 485 2492; x_wconf 89' lang='lat' dir='ltr'><strong>mediaque</strong></span> <span class='ocrx_word' id='word_1_110' title='bbox 502 2411 612 2466; x_wconf 89' lang='lat' dir='ltr'><strong>tamen</strong></span> <span class='ocrx_word' id='word_1_111' title='bbox 629 2396 763 2491; x_wconf 88' lang='lat' dir='ltr'><strong>gavisus</strong></span> <span class='ocrx_word' id='word_1_112' title='bbox 782 2397 817 2463; x_wconf 94' lang='lat' dir='ltr'><strong>in</strong></span> <span class='ocrx_word' id='word_1_113' title='bbox 836 2396 884 2464; x_wconf 91' lang='lat' dir='ltr'><strong>ira</strong></span> <span class='ocrx_word' id='word_1_114' title='bbox 903 2409 961 2464; x_wconf 89' lang='lat' dir='ltr'><strong>est.</strong></span> 
     </span>
     <span class='ocr_line' id='line_1_18' title="bbox 142 2516 891 2617; baseline -0.001 -29"><span class='ocrx_word' id='word_1_115' title='bbox 142 2519 196 2589; x_wconf 84' lang='lat' dir='ltr'><strong>Sic</strong></span> <span class='ocrx_word' id='word_1_116' title='bbox 216 2520 274 2589; x_wconf 89' lang='lat' dir='ltr'><strong>uhi</strong></span> <span class='ocrx_word' id='word_1_117' title='bbox 292 2535 449 2617; x_wconf 89' lang='lat' dir='ltr'><strong>regnator</strong></span> <span class='ocrx_word' id='word_1_118' title='bbox 467 2534 542 2616; x_wconf 85' lang='lat' dir='ltr'><strong>post</strong></span> <span class='ocrx_word' id='word_1_119' title='bbox 557 2516 680 2589; x_wconf 83' lang='lat' dir='ltr'><strong>exsulis</strong></span> <span class='ocrx_word' id='word_1_120' title='bbox 698 2520 769 2588; x_wconf 91' lang='lat' dir='ltr'><strong>otia</strong></span> <span class='ocrx_word' id='word_1_121' title='bbox 787 2520 891 2611; x_wconf 83' lang='lat' dir='ltr'><strong>tauri,</strong></span> 
     </span>
     <span class='ocr_line' id='line_1_19' title="bbox 90 2640 975 2737; baseline -0.001 -28"><span class='ocrx_word' id='word_1_122' title='bbox 90 2643 264 2737; x_wconf 87' lang='lat' dir='ltr'><strong>Mugitum</strong></span> <span class='ocrx_word' id='word_1_123' title='bbox 281 2640 436 2711; x_wconf 90' lang='lat' dir='ltr'><strong>hostilem</strong></span> <span class='ocrx_word' id='word_1_124' title='bbox 455 2640 677 2711; x_wconf 85' lang='lat' dir='ltr'><strong>summatulit</strong></span> <span class='ocrx_word' id='word_1_125' title='bbox 697 2665 778 2711; x_wconf 90' lang='lat' dir='ltr'><strong>aure</strong></span> <span class='ocrx_word' id='word_1_126' title='bbox 793 2641 975 2735; x_wconf 88' lang='lat' dir='ltr'><strong>juvencus,</strong></span> 
     </span>
     <span class='ocr_line' id='line_1_20' title="bbox 90 2758 895 2859; baseline -0.004 -25"><span class='ocrx_word' id='word_1_127' title='bbox 90 2758 304 2859; x_wconf 80' lang='lat' dir='ltr'><strong>Agnovitque</strong></span> <span class='ocrx_word' id='word_1_128' title='bbox 320 2763 444 2853; x_wconf 88' lang='lat' dir='ltr'><strong>minas,</strong></span> <span class='ocrx_word' id='word_1_129' title='bbox 464 2788 585 2859; x_wconf 86' lang='lat' dir='ltr'><strong>magna</strong></span> <span class='ocrx_word' id='word_1_130' title='bbox 600 2777 665 2833; x_wconf 87' lang='lat' dir='ltr'><strong>stat</strong></span> <span class='ocrx_word' id='word_1_131' title='bbox 681 2762 829 2833; x_wconf 88' lang='lat' dir='ltr'><strong>fervidus</strong></span> <span class='ocrx_word' id='word_1_132' title='bbox 846 2763 895 2831; x_wconf 84' lang='lat' dir='ltr'><strong>ira</strong></span> 
     </span>
     <span class='ocr_line' id='line_1_21' title="bbox 91 2883 1139 2981; baseline -0.001 -28"><span class='ocrx_word' id='word_1_133' title='bbox 91 2886 181 2955; x_wconf 82' lang='lat' dir='ltr'><strong>Ante</strong></span> <span class='ocrx_word' id='word_1_134' title='bbox 190 2910 345 2981; x_wconf 82' lang='lat' dir='ltr'><strong>gregem,</strong></span> <span class='ocrx_word' id='word_1_135' title='bbox 359 2888 552 2981; x_wconf 87' lang='lat' dir='ltr'><strong>spumisque</strong></span> <span class='ocrx_word' id='word_1_136' title='bbox 565 2885 693 2955; x_wconf 91' lang='lat' dir='ltr'><strong>animos</strong></span> <span class='ocrx_word' id='word_1_137' title='bbox 708 2883 902 2953; x_wconf 87' lang='lat' dir='ltr'><strong>ardentibus</strong></span> <span class='ocrx_word' id='word_1_138' title='bbox 913 2884 1029 2965; x_wconf 80' lang='lat' dir='ltr'><strong>effert,</strong></span> <span class='ocrx_word' id='word_1_139' title='bbox 1137 2923 1139 2927; x_wconf 95' lang='lat'>·</span> 
     </span>
     <span class='ocr_line' id='line_1_22' title="bbox 90 3004 1091 3101; baseline -0.003 -26"><span class='ocrx_word' id='word_1_140' title='bbox 90 3007 192 3075; x_wconf 87' lang='lat' dir='ltr'><strong>Nunc</strong></span> <span class='ocrx_word' id='word_1_141' title='bbox 203 3004 287 3101; x_wconf 89' lang='lat' dir='ltr'><strong>pede</strong></span> <span class='ocrx_word' id='word_1_142' title='bbox 297 3021 411 3077; x_wconf 87' lang='lat' dir='ltr'><strong>torvus</strong></span> <span class='ocrx_word' id='word_1_143' title='bbox 423 3008 580 3093; x_wconf 91' lang='lat' dir='ltr'><strong>humum,</strong></span> <span class='ocrx_word' id='word_1_144' title='bbox 594 3032 684 3077; x_wconf 90' lang='lat' dir='ltr'><strong>nunc</strong></span> <span class='ocrx_word' id='word_1_145' title='bbox 693 3006 850 3077; x_wconf 85' lang='lat' dir='ltr'><strong>cornibus</strong></span> <span class='ocrx_word' id='word_1_146' title='bbox 862 3030 939 3076; x_wconf 84' lang='lat' dir='ltr'><strong>aera</strong></span> <span class='ocrx_word' id='word_1_147' title='bbox 950 3006 1091 3075; x_wconf 88' lang='lat' dir='ltr'><strong>findens.</strong></span> 
     </span>
     <span class='ocr_line' id='line_1_23' title="bbox 91 3118 1036 3226; baseline -0.002 -28"><span class='ocrx_word' id='word_1_148' title='bbox 91 3132 216 3198; x_wconf 88' lang='lat' dir='ltr'><strong>Horret</strong></span> <span class='ocrx_word' id='word_1_149' title='bbox 236 3152 326 3223; x_wconf 86' lang='lat' dir='ltr'><strong>ager,</strong></span> <span class='ocrx_word' id='word_1_150' title='bbox 347 3128 550 3226; x_wconf 72' lang='lat' dir='ltr'><strong>trepidaeque</strong></span> <span class='ocrx_word' id='word_1_151' title='bbox 566 3118 757 3225; x_wconf 84' lang='lat' dir='ltr'><strong>exspectant</strong></span> <span class='ocrx_word' id='word_1_152' title='bbox 776 3126 893 3223; x_wconf 84' lang='lat' dir='ltr'><strong>proelia</strong></span> <span class='ocrx_word' id='word_1_153' title='bbox 908 3126 1036 3203; x_wconf 59' lang='lat' dir='ltr'><strong>valles„</strong></span> 
     </span>
     <span class='ocr_line' id='line_1_24' title="bbox 140 3248 1036 3346; baseline -0.002 -26"><span class='ocrx_word' id='word_1_154' title='bbox 140 3251 220 3320; x_wconf 88' lang='lat' dir='ltr'><strong>Nou</strong></span> <span class='ocrx_word' id='word_1_155' title='bbox 239 3248 360 3320; x_wconf 91' lang='lat' dir='ltr'><strong>desunt</strong></span> <span class='ocrx_word' id='word_1_156' title='bbox 375 3252 447 3346; x_wconf 87' lang='lat' dir='ltr'><strong>regi</strong></span> <span class='ocrx_word' id='word_1_157' title='bbox 464 3252 626 3321; x_wconf 86' lang='lat' dir='ltr'><strong>comites:</strong></span> <span class='ocrx_word' id='word_1_158' title='bbox 647 3253 769 3335; x_wconf 76' lang='lat' dir='ltr'><strong>«Sine,</strong></span> <span class='ocrx_word' id='word_1_159' title='bbox 787 3251 907 3319; x_wconf 83' lang='lat' dir='ltr'><strong>mcenia</strong></span> <span class='ocrx_word' id='word_1_160' title='bbox 926 3248 1036 3345; x_wconf 92' lang='lat' dir='ltr'><strong>pulset</strong></span> 
     </span>
     <span class='ocr_line' id='line_1_25' title="bbox 90 3370 984 3465; baseline -0.001 -25"><span class='ocrx_word' id='word_1_161' title='bbox 90 3372 237 3440; x_wconf 87' lang='lat' dir='ltr'><strong>Irritus:</strong></span> <span class='ocrx_word' id='word_1_162' title='bbox 257 3370 313 3440; x_wconf 89' lang='lat' dir='ltr'><strong>ille</strong></span> <span class='ocrx_word' id='word_1_163' title='bbox 330 3384 439 3443; x_wconf 86' lang='lat' dir='ltr'><strong>autem</strong></span> <span class='ocrx_word' id='word_1_164' title='bbox 459 3372 571 3443; x_wconf 77' lang='lat' dir='ltr'><strong>baetis</strong></span> <span class='ocrx_word' id='word_1_165' title='bbox 589 3373 656 3443; x_wconf 88' lang='lat' dir='ltr'><strong>huc</strong></span> <span class='ocrx_word' id='word_1_166' title='bbox 673 3371 795 3443; x_wconf 88' lang='lat' dir='ltr'><strong>audeat</strong></span> <span class='ocrx_word' id='word_1_167' title='bbox 812 3396 918 3465; x_wconf 90' lang='lat' dir='ltr'><strong>usque</strong></span> <span class='ocrx_word' id='word_1_168' title='bbox 976 3418 984 3425; x_wconf 89' lang='lat'>-</span> 
     </span>
     <span class='ocr_line' id='line_1_26' title="bbox 91 3491 954 3590; baseline -0.003 -27"><span class='ocrx_word' id='word_1_169' title='bbox 91 3492 253 3563; x_wconf 85' lang='lat' dir='ltr'><strong>Viribus?</strong></span> <span class='ocrx_word' id='word_1_170' title='bbox 271 3493 326 3564; x_wconf 91' lang='lat' dir='ltr'><strong>hic</strong></span> <span class='ocrx_word' id='word_1_171' title='bbox 342 3495 472 3566; x_wconf 92' lang='lat' dir='ltr'><strong>miseris</strong></span> <span class='ocrx_word' id='word_1_172' title='bbox 489 3495 584 3565; x_wconf 84' lang='lat' dir='ltr'><strong>furor</strong></span> <span class='ocrx_word' id='word_1_173' title='bbox 602 3511 652 3564; x_wconf 91' lang='lat' dir='ltr'><strong>est</strong></span> <span class='ocrx_word' id='word_1_174' title='bbox 671 3495 795 3564; x_wconf 86' lang='lat' dir='ltr'><strong>instare</strong></span> <span class='ocrx_word' id='word_1_175' title='bbox 814 3491 954 3590; x_wconf 91' lang='lat' dir='ltr'><strong>periclo,</strong></span> 
     </span>
     <span class='ocr_line' id='line_1_27' title="bbox 91 3612 879 3705; baseline -0.004 -19"><span class='ocrx_word' id='word_1_176' title='bbox 91 3616 163 3686; x_wconf 88' lang='lat' dir='ltr'><strong>Nec</strong></span> <span class='ocrx_word' id='word_1_177' title='bbox 181 3612 305 3685; x_wconf 84' lang='lat' dir='ltr'><strong>librare</strong></span> <span class='ocrx_word' id='word_1_178' title='bbox 322 3632 446 3705; x_wconf 83' lang='lat' dir='ltr'><strong>metus,</strong></span> <span class='ocrx_word' id='word_1_179' title='bbox 464 3630 498 3687; x_wconf 88' lang='lat' dir='ltr'><strong>et</strong></span> <span class='ocrx_word' id='word_1_180' title='bbox 515 3630 588 3687; x_wconf 85' lang='lat' dir='ltr'><strong>tuta</strong></span> <span class='ocrx_word' id='word_1_181' title='bbox 607 3616 717 3687; x_wconf 91' lang='lat' dir='ltr'><strong>odisse</strong></span> <span class='ocrx_word' id='word_1_182' title='bbox 732 3642 741 3684; x_wconf 92' lang='lat'><strong>:</strong></span> <span class='ocrx_word' id='word_1_183' title='bbox 761 3617 879 3684; x_wconf 87' lang='lat' dir='ltr'><strong>resiste</strong></span> 
     </span>
    </p>
   </div>
   <div class='ocr_carea' id='block_1_3' title="bbox 90 3728 1046 4181">
    <p class='ocr_par' dir='ltr' id='par_1_3' title="bbox 90 3728 937 3836">
     <span class='ocr_line' id='line_1_28' title="bbox 90 3728 937 3836; baseline -0.002 -29"><span class='ocrx_word' id='word_1_184' title='bbox 90 3741 163 3807; x_wconf 92' lang='lat' dir='ltr'><strong>Hoc</strong></span> <span class='ocrx_word' id='word_1_185' title='bbox 184 3736 291 3807; x_wconf 85' lang='lat' dir='ltr'><strong>fretus</strong></span> <span class='ocrx_word' id='word_1_186' title='bbox 307 3735 390 3808; x_wconf 93' lang='lat' dir='ltr'><strong>solio</strong></span> <span class='ocrx_word' id='word_1_187' title='bbox 406 3764 414 3808; x_wconf 89' lang='lat'><strong>:</strong></span> <span class='ocrx_word' id='word_1_188' title='bbox 432 3764 494 3809; x_wconf 92' lang='lat' dir='ltr'><strong>nos</strong></span> <span class='ocrx_word' id='word_1_189' title='bbox 513 3728 784 3836; x_wconf 88' lang='lat' dir='ltr'><strong>propulsabimus</strong></span> <span class='ocrx_word' id='word_1_190' title='bbox 799 3738 937 3806; x_wconf 88' lang='lat' dir='ltr'><strong>hostem.</strong></span> 
     </span>
    </p>

    <p class='ocr_par' dir='ltr' id='par_1_4' title="bbox 90 3857 1046 4181">
     <span class='ocr_line' id='line_1_29' title="bbox 90 3857 1046 3957; baseline -0.001 -28"><span class='ocrx_word' id='word_1_191' title='bbox 90 3863 169 3929; x_wconf 83' lang='lat' dir='ltr'><strong>Hos&#39;</strong></span> <span class='ocrx_word' id='word_1_192' title='bbox 181 3857 304 3929; x_wconf 91' lang='lat' dir='ltr'><strong>bellare</strong></span> <span class='ocrx_word' id='word_1_193' title='bbox 316 3860 407 3954; x_wconf 86' lang='lat' dir='ltr'><strong>jube.</strong></span> <span class='ocrx_word' id='word_1_194' title='bbox 424 3892 442 3927; x_wconf 75' lang='lat' dir='ltr'><strong>s</strong></span> <span class='ocrx_word' id='word_1_195' title='bbox 462 3862 517 3932; x_wconf 89' lang='lat' dir='ltr'><strong>Sic</strong></span> <span class='ocrx_word' id='word_1_196' title='bbox 538 3862 689 3957; x_wconf 83' lang='lat' dir='ltr'><strong>proxima</strong></span> <span class='ocrx_word' id='word_1_197' title='bbox 709 3859 828 3947; x_wconf 92' lang='lat' dir='ltr'><strong>turba;</strong></span> <span class='ocrx_word' id='word_1_198' title='bbox 848 3858 907 3929; x_wconf 91' lang='lat' dir='ltr'><strong>sed</strong></span> <span class='ocrx_word' id='word_1_199' title='bbox 925 3859 1046 3929; x_wconf 87' lang='lat' dir='ltr'><strong>ardeus</strong></span> 
     </span>
     <span class='ocr_line' id='line_1_30' title="bbox 91 3981 910 4078; baseline -0.001 -27"><span class='ocrx_word' id='word_1_200' title='bbox 91 3984 178 4053; x_wconf 91' lang='lat' dir='ltr'><strong>Ecce</strong></span> <span class='ocrx_word' id='word_1_201' title='bbox 196 3982 313 4052; x_wconf 87' lang='lat' dir='ltr'><strong>aderat</strong></span> <span class='ocrx_word' id='word_1_202' title='bbox 325 3982 440 4071; x_wconf 88' lang='lat' dir='ltr'><strong>luctu,</strong></span> <span class='ocrx_word' id='word_1_203' title='bbox 462 3984 680 4078; x_wconf 89' lang='lat' dir='ltr'><strong>dicturusque</strong></span> <span class='ocrx_word' id='word_1_204' title='bbox 698 3983 809 4053; x_wconf 91' lang='lat' dir='ltr'><strong>omnia</strong></span> <span class='ocrx_word' id='word_1_205' title='bbox 827 3981 910 4051; x_wconf 88' lang='lat' dir='ltr'><strong>belli·</strong></span> 
     </span>
     <span class='ocr_line' id='line_1_31' title="bbox 91 4104 994 4181; baseline -0.001 -9"><span class='ocrx_word' id='word_1_206' title='bbox 91 4104 262 4174; x_wconf 87' lang='lat' dir='ltr'><strong>Libertate</strong></span> <span class='ocrx_word' id='word_1_207' title='bbox 275 4108 385 4175; x_wconf 89' lang='lat' dir='ltr'><strong>Creon</strong></span> <span class='ocrx_word' id='word_1_208' title='bbox 401 4132 409 4175; x_wconf 91' lang='lat'><strong>:</strong></span> <span class='ocrx_word' id='word_1_209' title='bbox 427 4107 496 4176; x_wconf 92' lang='lat' dir='ltr'><strong>urit</strong></span> <span class='ocrx_word' id='word_1_210' title='bbox 515 4106 583 4177; x_wconf 83' lang='lat' dir='ltr'><strong>fera</strong></span> <span class='ocrx_word' id='word_1_211' title='bbox 601 4104 702 4181; x_wconf 88' lang='lat' dir='ltr'><strong>corda</strong></span> <span class='ocrx_word' id='word_1_212' title='bbox 720 4108 935 4175; x_wconf 90' lang='lat' dir='ltr'><strong>Menoeceus:</strong></span> <span class='ocrx_word' id='word_1_213' title='bbox 985 4134 994 4176; x_wconf 79' lang='lat'><strong>‚·</strong></span> 
     </span>
    </p>
   </div>
   <div class='ocr_carea' id='block_1_4' title="bbox 0 0 1472 4950">
    <p class='ocr_par' dir='ltr' id='par_1_5' title="bbox 0 0 1472 4950">
     <span class='ocr_line' id='line_1_32' title="bbox 0 0 1472 4950; baseline 0 2"><span class='ocrx_word' id='word_1_214' title='bbox 0 0 1472 4950; x_wconf 95' lang='lat' dir='ltr'><strong> </strong></span> 
     </span>
    </p>
   </div>
  </div>
 </body>
</html>
