2934 4950
86 432 203 496 (ms.)
413 431 629 490 ruununos
648 434 812 490 ninaax.
1081 455 1134 507 177

85 563 156 630 Aut
174 556 296 628 tellure
310 559 451 652 jacent:
474 559 600 648 tenuis,
618 561 676 654 qui
697 560 817 630 circuit
833 560 959 647 aulam,

86 679 331 776 Invalidusque
352 683 458 769 nitor,
479 683 672 776 primosque
692 682 863 752 hortantia
880 708 1015 757 somnos
1064 737 1067 742 -

84 801 267 898 Languida
288 803 644 899 succiduis'exspirant
660 803 788 874 lumina
805 804 957 875 flammis.

72 914 75 922 Δ
134 929 212 994 Huc
231 950 265 994 se
282 921 428 994 caeruleo
446 923 581 994 libravit
598 925 640 994 ab
658 927 780 996 aethere
794 927 891 1022 virgo

82 1046 241 1118 Discolor
258 1059 269 1114 ἐ
291 1044 454 1141 effirlgent
471 1045 578 1133 silvae,
601 1046 844 1142 tenebrosaque
861 1053 986 1144 Tempe

82 1171 237 1240 Arriscre
254 1174 351 1257 Dcae,
368 1183 402 1237 et
419 1169 513 1238 zonis
525 1168 721 1258 'lucentibus
739 1173 804 1241 icta

81 1289 231 1387 Evigilat
247 1290 366 1360 domus
384 1292 481 1386 :ipse
499 1306 611 1362 autem
632 1317 693 1362 nec
710 1291 865 1387 lampade
883 1292 989 1381 clara,

82 1418 155 1486 Nec
172 1415 304 1503 sonitu,
323 1438 384 1484 nec
401 1438 483 1483 voce
502 1416 583 1484 Deae
600 1411 788 1510 perculsus,
807 1413 942 1484 eodem'
960 1435 966 1444 ’

80 1540 182 1605 More
196 1535 311 1630 jacet:
332 1533 439 1605 donec
455 1536 566 1605 radios
588 1536 828 1606 Thaumantias
849 1549 966 1607 omnes
1005 1576 1007 1579 ·

80 1654 239 1752 Impulit,
256 1659 359 1754 inque
379 1655 495 1728 oculos
511 1657 644 1754 penitus
661 1657 832 1727 descendit
851 1660 986 1727 inertes.

79 1782 178 1848 Tunc
198 1779 246 1849 sic
265 1803 342 1850 orsa
360 1776 452 1874 loqui
473 1781 666 1850 nimborum
686 1777 779 1849 fulva
799 1782 964 1849 creatrix:

131 1931 148 1966 a
166 1901 323 1972 Sidonios
341 1917 375 1973 te
392 1906 481 1973 Juno
498 1903 614 1989 duces,
633 1904 807 1973 mitissime
826 1905 952 1973 Divum

80 2022 223 2113 Somne,
241 2024 334 2119 jubet
356 2000 586 2120 populumque
607 2027 711 2096 trucis
731 2025 877 2121 deligere
897 2027 1037 2112 Cadmi,

79 2145 153 2234 Qui
173 2171 264 2216 nunc
276 2151 407 2216 'eventu
427 2145 506 2218 bclli
526 2147 746 2235 tumefactus,
765 2149 927 2219 Achaeum

80 2267 227 2363 Pervigil
248 2284 397 2340 asservat
415 2266 560 2358 vallum,
580 2283 613 2339 et
634 2284 691 2338 tua
709 2270 802 2365 jussa
822 2286 962 2340 recusat.

81 2389 310 2485 Daprecibus
327 2391 447 2477 tantis,
464 2415 541 2460 rara
560 2406 610 2483 est
628 2391 692 2460 hoc
712 2416 811 2486 posse
830 2392 987 2479 facultas,

79 2513 324 2608 Placatumque
345 2518 463 2585 Jovevn
484 2514 602 2585 dextra
622 2519 756 2585 lunone
776 2540 914 2585 merere.
937 2545 955 2581 a

128 2637 241 2723 Dixit,
260 2651 293 2705 'et
311 2638 517 2732 increpitans
536 2636 734 2731 languentia
754 2652 889 2732 pectora
910 2637 1044 2723 dextra,

80 2762 133 2830 Ne
151 2767 425 2854 pereant'voccs,
447 2760 655 2855 iterumque,
676 2760 865 2853 iterumque
884 2758 1053 2828 monebat.

81 2881 143 2952 lllc
153 2885 235 2954 Deae
253 2883 352 2976 jussis
370 2881 511 2951 dubium
528 2883 736 2974 mixtumque
754 2882 867 2974 sopori
968 2898 973 2907 ·

81 3004 233 3075 Annuit:
254 3002 383 3074 excedit
401 3004 537 3099 gravior
557 3002 766 3096 nigrantibus
787 3004 892 3072 antris

80 3128 159 3213 lris,
181 3141 213 3195 et
234 3124 393 3195 obtusum
415 3125 521 3194 multo
539 3124 640 3218 jubar
660 3124 783 3193 excitat
803 3123 913 3193 imbri.

79 3251 155 3343 Ipse
174 3273 310 3342 quoque
330 3264 365 3319 et·
383 3247 555 3318 volucrem
572 3272 742 3343 gressum,
762 3261 796 3316 et
812 3260 951 3317 ventosa
971 3244 1087 3314 citavit

79 3372 265 3465 Tempora,
284 3385 317 3440 et
334 3360 469 3441 obscuri
489 3372 655 3441 sinuatam
673 3369 798 3465 frigore
817 3367 891 3439 coeli
984 3384 989 3393 '

80 3490 237 3588 Implevit
254 3484 672 3587 chlamydem‚'tacitoque
690 3517 753 3586 per
772 3493 894 3561 aethera
912 3515 1011 3562 cursu

81 3618 220 3704 Fertur,
239 3630 273 3684 et
291 3616 408 3687 Aoniis
425 3612 527 3709 longe
549 3614 659 3710 gravis
676 3614 829 3682 imminet
848 3615 948 3681 arvis.

80 3734 173 3806 Illius
191 3762 274 3806 aura
294 3734 552 3823 solo'volucres',
573 3734 800 3831 pecudesque,
820 3733 972 3829 ferasque
1049 3752 1053 3758 '

83 3857 253 3953 Explicat,
272 3873 306 3927 et
323 3860 456 3953 penitus
477 3871 689 3951 quacumque
709 3855 904 3951 supervolat
919 3855 1057 3946 orbem,

82 3979 258 4075 Languida
276 3979 318 4049 de
336 3977 484 4075 scopulis
504 3977 619 4049 sidunt
634 3977 736 4068 freta,
755 3980 884 4075 pigrius
902 3979 1030 4049 haerent

82 4101 224 4192 Nubila,
243 4102 425 4175 demittunt
441 4116 588 4175 extrema
610 4104 783 4175 cacumina
804 4102 914 4192 silvae,
956 4128 960 4137 ’

231 4252 265 4297 u.
972 4254 1010 4297 η
