2934 4950
81 494 190 558 (anob.)
400 487 614 544 THEBAIDOS
636 487 747 544 LIBER
770 489 805 543 V.
1045 551 1049 558 ι
1085 487 1121 557 37

80 622 186 689 Prima
204 617 328 704 fames,
348 614 505 709 avidique
523 613 706 709 implorant
725 615 829 684 ubera
849 617 930 684 nati.

126 770 142 803 α
151 740 248 829 Quos
263 737 326 806 tibi
339 734 443 833 (nam
458 732 600 828 dubito)
615 735 776 805 scelerum
794 735 836 805 de
851 734 942 805 mille
959 735 1075 829 figuris

70 858 259 957 ‘'Expediam
276 857 394 928 casus?
411 856 579 928 Helimum
597 859 775 927 temeraria
794 863 908 955 Gorge

78 985 254 1053 Evinctum
272 982 393 1067 ramis,
410 977 546 1072 altaque
564 979 600 1046 in
621 977 710 1048 mole
731 994 880 1075 tapetum

78 1094 258 1174 Efflantem'
270 1126 390 1174 somno
411 1105 593 1173 crescentia
612 1104 707 1188 vina,
727 1117 918 1198 superstans
1061 1149 1064 1158 s

79 1224 224 1295 Vulnera
244 1224 383 1318 disjecta
400 1225 541 1294 rimatur
559 1239 666 1313 veste,
685 1224 746 1293 sed
763 1222 857 1294 illum

78 1343 193 1415 Infelix
211 1369 314 1440 sopor
328 1342 464 1413 admota
477 1346 540 1415 sub
556 1360 665 1415 morte
678 1345 813 1440 refugit„

78 1466 261 1553 Turbidus,
275 1467 510 1559 incertumque
523 1464 630 1536 oeulis
642 1465 859 1562 vigilantibus
873 1467 1002 1536 hostem

79 1592 232 1682 Occupat
244 1585 415 1682 amplexu,
429 1611 493 1656 nec
506 1589 645 1682 segnius
656 1587 714 1657 illa
728 1589 871 1658 tenentis
914 1677 917 1683 Ι

80 1712 168 1777 Pone
186 1706 294 1803 adigit
309 1723 434 1797 costas,
454 1693 561 1778 donec
580 1733 641 1778 sua
657 1725 795 1804 pectora
812 1708 900 1778 serro

79 1833 243 1925 Tangeret
262 1855 271 1898 ε
291 1830 319 1898 is
337 1827 471 1898 demum
490 1829 604 1899 sceleri
622 1829 770 1899 modus:
791 1855 850 1898 ora
869 1831 1004 1926 supinat

78 1950 224 2020 Blandus
241 1950 369 2037 adhuc,
385 1950 557 2045 oculisque
573 1967 770 2022 tremenset
788 1977 959 2022 murmure
977 1953 1114 2048 Gorgen

79 2073 221 2162 Quaerit,
239 2086 272 2142 et
289 2072 431 2168 indigno
449 2098 518 2142 nou
537 2072 637 2142 solvit
652 2073 790 2142 brachia
808 2071 905 2143 collo.

125 2227 142 2261 a
155 2197 235 2267 Non
252 2219 315 2291 ego
332 2219 424 2265 nunc
442 2193 553 2291 vulgi,
573 2219 766 2290 quanquam
786 2193 951 2281 crudelia,
969 2194 1114 2289 pandam

79 2320 225 2406 Funera,
243 2316 300 2386 sed
318 2319 456 2412 propria
474 2315 584 2387 luctus
601 2316 643 2386 de
662 2319 764 2412 stirpe
782 2317 952 2386 recordor.

79 2437 179 2527 Quod
199 2453 247 2528 te,
265 2438 348 2508 llave
367 2437 501 2535 Cydon,
521 2438 613 2534 quod
630 2454 663 2509 te
682 2464 743 2535 per
760 2437 847 2508 colla
866 2436 981 2509 refusis

79 2565 264 2650 Intactum,
283 2563 438 2649 Crenaee,
458 2563 562 2631 comis
580 2560 728 2657 (quibus
746 2560 849 2629 ubera
867 2586 996 2630 mecum

79 2682 329 2776 Obliquumque
346 2709 367 2751 a
385 2698 479 2778 patre
497 2681 644 2779 genus),
665 2681 869 2775 sortemque,
889 2680 1046 2751 timebam

80 2806 190 2893 Quem
208 2802 389 2898 desponsa,
407 2807 526 2901 Gyan,
546 2803 616 2874 vidi
633 2802 762 2899 lapsare
780 2818 924 2874 cruentas
1104 2782 1107 2791 ¹

82 2923 228 2995 Vulnere
243 2924 464 3021 Mirmydonis
483 2954 491 2996 z
511 2924 668 3021 quodque
685 2927 772 2994 iuter
789 2940 875 2993 serta
892 2924 1079 3019 chorosque

80 3045 227 3113 barbara
245 3042 412 3114 ludentem
431 3046 577 3115 fodiebat
595 3049 736 3140 Opopea
756 3060 871 3115 mater.

126 3196 142 3229 a
154 3164 230 3234 Flet
248 3191 346 3261 super
364 3190 545 3261 aequaevum
567 3191 663 3235 soror
679 3181 847 3237 exarmata
865 3170 1005 3261 Lycaste

81 3286 246 3380 Cydimon
266 3312 274 3355 z
295 3287 359 3357 beu
379 3286 499 3357 similes
519 3290 668 3383 perituro
686 3292 721 3358 in
740 3314 879 3384 corpore
898 3288 1010 3360 vultus

81 3406 292 3503 Adspiciens,
310 3406 492 3505 lloremque
510 3435 621 3507 genae,
641 3426 673 3481 et
690 3437 773 3505 quus
791 3413 932 3481 finxerat
950 3436 1032 3481 auro

81 3531 156 3624 Ipsa
173 3554 287 3599 comas
307 3556 316 3599 ε
334 3546 406 3599 tum
424 3556 510 3601 saeva
528 3557 649 3628 parens
663 3532 734 3626 jam
753 3534 895 3629 conjuge
913 3534 987 3605 fuso
1021 3589 1028 3607 ,

83 3648 237 3739 Adstitit,
257 3649 462 3746 impellitque
478 3653 595 3740 minis,
614 3668 714 3746 atque
731 3655 846 3722 inserit
863 3636 994 3724 ensem.¹

83 3769 129 3839 Ut
145 3770 233 3859 fera,
253 3796 327 3865 quae
343 3771 475 3867 placido
493 3773 620 3843 rabiem
639 3773 773 3843 desueta
791 3779 950 3868 magistro

84 3890 223 3961 Tardius
240 3917 333 3961 arma
352 3910 480 3983 movet,
500 3894 726 3988 stimulisque,
746 3910 779 3963 et
800 3894 934 3965 verbere
952 3897 1068 3965 crebro

84 4009 123 4080 ln
139 4037 250 4083 mores
268 4030 368 4110 negat
385 4017 433 4085 ire
453 4041 529 4085 suos
549 4043 557 4084 ε
578 4017 624 4084 sic
643 4014 698 4084 illa
714 4016 837 4109 jacenti

84 4130 222 4225 Incidit,
240 4134 488 4230 undantemque
509 4140 583 4206 sinu
601 4135 749 4232 collapsa
768 4162 918 4209 cruorem
