2934 4950
321 383 377 440 226
619 379 834 438 Ttittttatnos
854 377 971 436 Llltztt
991 380 1041 435 xl.
1246 381 1281 444 (v.
1301 379 1383 444 σή.)

320 510 466 599 Solvite,
486 533 619 602 quaeso,
638 533 777 594 manus,
796 506 984 600 infestaque
1004 505 1137 577 vinwla
1155 507 1297 579 tandem

318 631 482 718 Dividite,
499 647 533 702 et
551 629 698 700 medium
718 653 808 702 nunc
825 627 942 702 saltem
957 628 1124 700 admittite
1138 644 1281 726 moena.
1300 660 1322 694 ‚s

367 753 461 824 Talia
477 753 674 847 dequestus,
695 750 870 847 paullatim
890 767 1054 822 sumserat
1071 754 1139 822 iras

319 878 459 965 Mortis,
480 890 514 944 et
531 872 660 944 occulte
678 871 799 961 telum,
817 873 852 943 ni
870 887 948 944 nata
966 887 1110 962 vetaret,

320 996 515 1089 Quaerebam
535 995 591 1066 sed
610 1007 700 1064 casta
715 1018 818 1065 manu
835 995 1046 1067 subtraxerat
1064 1019 1160 1066 enses

320 1121 487 1214 Antigone
505 1145 513 1187 :
535 1117 618 1186 furit
634 1115 713 1186 inde
733 1141 832 1188 senex
849 1143 858 1186 :
877 1117 978 1187 «Ubi
992 1118 1093 1188 noxia
1111 1115 1201 1190 tela?

320 1245 393 1310 Heu
403 1241 527 1329 Furiae,
542 1263 623 1314 num
639 1252 747 1308 totum
765 1238 848 1309 abiit
865 1239 902 1308 in
921 1253 1064 1334 corpora
1081 1235 1228 1308 serrum?
1241 1268 1260 1302 ι

320 1363 496 1434 Dicentem
513 1383 624 1431 comes
643 1385 732 1456 agra
750 1358 851 1448 levat,
869 1375 1067 1454 mutumque
1085 1357 1235 1428 dolorem

319 1486 395 1577 Ipsa
415 1477 558 1577 premit,
577 1507 701 1560 saevum
719 1481 868 1578 gaudeus
886 1479 1051 1577 planxisse
1070 1493 1257 1574 parentem.

369 1601 467 1674 Olim·
479 1617 592 1675 autem
609 1605 750 1698 incepta
767 1601 916 1675 clamore
930 1604 1090 1673 exterrita
1108 1624 1231 1697 pugnae

320 1724 450 1820 Regina
464 1722 628 1802 extulerat
645 1739 763 1794 notum
784 1722 1012 1820 penetralibus
1030 1747 1161 1810 ensem,

321 1847 443 1920 Ensern
462 1845 646 1942 sceptriferi
667 1844 811 1941 spolium
831 1843 1048 1940 lacrymabile
1066 1845 1150 1916 Laii.

262 2035 268 2047 ,
321 1967 495 2061 Multaque
512 1991 617 2060 quum
635 1968 773 2060 Superis
792 1982 826 2034 et
843 1946 919 2036 diro
938 1981 1057 2061 questa
1073 1965 1193 2054 cubili,

320 2093 364 2158 Et
382 2089 451 2158 nati
467 2086 578 2176 iuriis,
599 2102 633 2157 et
651 2089 751 2182 primi
770 2088 923 2184 conjugis
942 2088 1089 2178 umbris,

321 2213 463 2280 Luctata
476 2223 527 2279 est
542 2208 678 2297 dextra,
694 2223 728 2280 et
749 2211 932 2304 pronovix
951 2223 1087 2306 pectore
1105 2209 1233 2280 semum

321 2333 464 2401 Intravit
481 2330 634 2420 tandem,
653 2344 687 2402 et
703 2355 804 2403 venas
818 2334 975 2428 prorupit
992 2332 1098 2404 aniles

323 2451 469 2542 Vulnus,
488 2466 521 2523 et
540 2450 655 2523 infelix
673 2451 836 2533 lustratur
854 2455 1017 2550 sanguiue
1035 2452 1152 2525 lectus.

307 2570 415 2644 'lllius
433 2572 510 2643 erili
529 2574 726 2645 stridentem
742 2577 778 2646 in
795 2590 932 2672 pectore
951 2574 1084 2675 plagam

321 2700 451 2767 Ismene
470 2693 616 2792 collapsa
631 2722 733 2793 super
751 2694 971 2792 lacrymisque
989 2696 1160 2793 comisque

322 2818 475 2889 Siceabat
491 2815 654 2913 plangens
672 2844 680 2887 ε
700 2817 809 2913 qualis
825 2818 1062 2891 Marathonide
1079 2819 1162 2890 silva

187 2965 198 2979 ·
321 2938 455 3009 Flebilis
473 2940 640 3035 Erigone,
661 2942 735 3010 caesi
754 2965 861 3037 prope
879 2939 998 3012 fitnera
1015 2943 1141 3037 patris,

322 3061 503 3151 Questibus
520 3061 681 3131 absumtis
697 3064 826 3133 tristem
842 3063 914 3157 jam
928 3062 1056 3134 solvere
1075 3063 1203 3133 nodum

322 3186 493 3279 Coeperat,
509 3195 543 3253 et
561 3184 663 3254 fortes
681 3208 792 3255 ramos
810 3188 976 3278 mqritura
993 3184 1133 3282 legebat

370 3308 414 3375 At
427 3307 517 3400 jam,
536 3304 611 3376 leta
632 3304 756 3376 ducum
776 3332 851 3402 spes
871 3306 1007 3392 elusisse
1024 3306 1187 3398 duorum,

322 3429 388 3496 Res
408 3427 627 3523 Amphionias
644 3426 710 3497 alio
727 3445 962 3526 sceptrumque
979 3429 1124 3527 maligna

321 3546 550 3618 Transtulerat
566 3552 715 3619 Fortuna
732 3576 851 3640 sumu,
868 3552 1052 3647 Cadmique
1073 3553 1207 3626 tenebat

321 3673 340 3738 J
342 3694 403 3739 ura
420 3673 542 3740 Creon.
560 3673 665 3745 Miser
680 3672 748 3744 heu
765 3671 930 3755 bellorum
946 3671 1124 3752 terminus!
1147 3672 1198 3746 illi

322 3794 516 3885 Pugnaraut
536 3792 654 3865 fratres
674 3820 682 3862 :
702 3794 793 3866 bunc
813 3810 848 3878 et
863 3798 1033 3868 Mavortia
1050 3794 1200 3870 clamant

322 3912 471 3999 Semina,
490 3928 524 3983 et
541 3915 712 4012 impensus
731 3919 846 4013 patriae
864 3915 979 4012 paullo
997 3934 1076 3989 ante
1089 3922 1282 3991 Menoeceus

323 4032 489 4105 Conciliat
509 4036 643 4132 populis
662 4066 669 4109 ε
691 4039 820 4109 scandit
839 4016 937 4123 latale
955 4055 1115 4135 tyrannus
1178 4106 1182 4112 .
1453 3994 1455 4139 l
