2934 4950
86 400 120 463 (r.
130 400 187 462 8⁵.)
424 401 635 459 mntmos
654 401 769 459 LIBER
782 404 817 458 V.
1099 402 1137 461 33

138 552 157 588 a
168 522 227 593 Sol
248 546 389 618 operum
408 526 536 595 medius
556 551 686 597 summo
705 526 850 596 librabat
869 525 1015 623 Olympo

86 648 273 733 Lucentes,
292 668 354 715 ceu
373 660 494 734 staret,
512 670 616 741 equos
638 662 784 743 :quater
801 672 862 719 axe
881 672 997 719 sereno

87 767 262 854 Intonuit,
283 781 401 860 quater
419 783 518 837 antra
532 770 598 839 Dei
616 768 774 840 fumantis
795 768 929 841 anhelos

87 892 259 957 Exeruere
276 888 386 982 apices
406 914 414 957 ι
436 890 609 983 ventisque
627 890 820 961 absentibus
837 893 944 987 AEgon

85 1010 225 1096 Motus,
243 1022 278 1078 et
294 1010 420 1105 ingenti
436 1012 599 1104 percussit
614 1008 712 1081 litora
728 1027 833 1106 ponto
850 1038 858 1079 ε

86 1128 207 1217 Quum
223 1128 334 1199 subito
349 1129 534 1200 horrendas
542 1122 611 1200 ‘aevi
627 1146 761 1201 matura
776 1132 905 1229 Polyxo

86 1249 235 1320 Tollitur
251 1251 287 1319 in
304 1250 426 1340 furias,
446 1250 667 1347 thalamisque
682 1255 812 1324 insueta
825 1254 948 1325 relictis

87 1370 213 1441 Evolat
226 1397 235 1440 ε
250 1372 369 1442 insano
384 1371 487 1442 veluti
503 1374 702 1445 Tbeumesia
716 1375 827 1470 Thyas

88 1497 201 1588 Rapta
216 1493 308 1581 Deo,
325 1516 429 1586 quum
446 1518 541 1563 sacra
556 1510 696 1584 vorant,
712 1494 866 1591 Idaeaque
884 1496 1000 1567 suadet

89 1618 222 1702 Buxus,
238 1628 272 1683 et
286 1638 308 1683 a
321 1615 459 1683 summis
477 1614 610 1684 auditus
629 1616 799 1703 montibus
814 1620 908 1687 Evau
926 1643 935 1687 ε

90 1737 142 1804 Sic
161 1749 274 1805 erecta
293 1759 413 1831 genas,
433 1737 603 1829 aciemque
622 1734 728 1806 elbrsa
746 1740 900 1809 trementi

89 1857 279 1953 Sanguine,
295 1855 460 1925 desertam
475 1854 601 1926 rabidis
617 1854 818 1927 clamoribus
834 1859 953 1928 urbem

91 1979 265 2073 Exagitat,
284 1976 479 2072 clausasque
493 1977 628 2067 domos,
647 1992 682 2048 et
699 1977 815 2047 limina
832 1978 985 2074 pulsans,

91 2097 282 2169 Concilium
296 2114 395 2168 vocat
410 2124 419 2168 ε
438 2096 554 2168 infelix
569 2099 746 2169 comitatus
761 2102 854 2170 eunti

94 2220 271 2291 Haerebant
290 2221 361 2289 nati
380 2246 389 2288 ε
409 2234 510 2313 atque
528 2217 592 2289 illa
611 2244 679 2289 non
698 2222 833 2317 segnius
853 2246 968 2291 omnes

92 2344 286 2436 Erumpunt
303 2343 416 2428 tectis,
436 2342 648 2435 summasque
667 2340 710 2410 ad
730 2338 883 2411 Pallados
902 2365 995 2411 arces

91 2464 242 2559 Impetus
257 2489 265 2531 ε
279 2462 348 2532 huc
362 2487 504 2558 propere
520 2463 701 2557 stipamur,
719 2476 754 2530 et
769 2460 887 2533 ordine
904 2459 997 2532 nullo

93 2588 267 2684 Congesta
282 2612 291 2654 ε
306 2586 420 2655 stricto
434 2610 513 2654 mox
527 2608 604 2653 ense
618 2581 750 2653 silentia
758 2584 856 2678 jussit

93 2707 270 2778 Hortatrix
282 2705 462 2795 scelerum,
476 2721 510 2775 et
520 2704 633 2774 medio
644 2706 692 2774 sic
703 2729 784 2775 ausa
795 2704 922 2800 profari
934 2721 983 2776 est
997 2733 1005 2776 :

140 2835 249 2901 «Rem
263 2853 427 2900 summam
441 2830 602 2898 instinctu
617 2829 804 2922 Superum,
815 2829 992 2921 meritique
1003 2827 1139 2916 doloris,

96 2953 125 3020 0
140 2951 249 3021 viduae
269 2951 423 3048 (firmate
440 2952 569 3020 animos
587 2965 622 3018 et
638 2948 752 3045 pellite
772 2948 910 3047 sexum)

96 3072 309 3162 Lemniades,
330 3074 458 3142 sancire
477 3097 560 3168 paro
579 3099 588 3141 τ
606 3073 633 3141 si
654 3070 751 3141 taedct
771 3073 886 3142 inanes

96 3194 267 3264 AEternum
284 3217 415 3264 servare
431 3194 567 3280 domos,
583 3208 782 3288 turpemque
796 3193 941 3286 juventa

97 3314 191 3386 Flore
211 3317 331 3406 situm,
353 3330 388 3384 et
405 3313 514 3410 longis
535 3311 660 3383 steriles
680 3314 715 3381 in
735 3311 880 3384 luctibus
900 3338 1023 3402 annos,

98 3437 231 3526 inveni,
247 3438 407 3531 promitto
421 3437 531 3522 viam,
547 3459 609 3503 nec
626 3434 765 3504 numina
783 3434 922 3524 desunt,

100 3555 172 3644 Qua
192 3556 387 3627 renovanda
404 3559 517 3626 Venus
537 3581 545 3624 :
565 3553 666 3634 modo
684 3579 747 3649 par
764 3555 920 3626 insumite
940 3556 1045 3626 robur

101 3678 257 3748 Luctibus
274 3705 282 3746 :
300 3693 400 3771 atque
414 3677 498 3747 adeo
511 3678 660 3772 primum
672 3677 737 3745 hoc
750 3677 832 3745 mibi
847 3701 983 3746 noscere
995 3676 1115 3748 detur:

148 3800 287 3869 «Tertia
303 3792 402 3869 c'anet
416 3799 541 3868 hiems:
560 3798 615 3867 cui
630 3796 844 3866 connubialia
860 3796 988 3886 vincla,

102 3918 166 3986 but
182 3919 321 3990 thalami
338 3935 484 3990 secretus
501 3917 631 3990 honos?
650 3919 741 4013 quod
758 3919 899 4014 conjuge
918 3934 1032 4014 pectus

103 4038 266 4136 lutepuit?
284 4043 380 4136 cujus
397 4040 481 4109 vidit
498 4041 627 4109 Lucina
646 4039 797 4110 labores?

243 4186 280 4232 tt.
955 4161 978 4233 3
