2934 4950
374 447 428 515 stt
675 446 888 506 Tltmmos
907 444 1082 504 umtx.
1293 445 1326 510 (v.
1344 447 1403 510 353.)

371 576 485 667 thue
503 572 612 667 erupit
629 574 741 665 aquis,
759 574 961 665 iterumque,
979 574 1166 668 iterumque
1183 574 1340 643 trementi

372 687 849 795 lngerninatsCrenaeensouo
865 720 1053 791 :nusquam
1071 694 1144 785 ille,
1164 695 1342 765 sedindex

372 824 537 916 Desuper,
557 819 599 887 ah
618 819 745 887 miserae
761 819 904 886 nimium
919 815 1086 886 noscenda
1105 818 1255 911 parenti,

373 942 492 1009 Parma
510 954 627 1011 natat:
642 939 732 1033 jacet
750 937 822 1032 ipse
838 936 977 1033 procul,
994 960 1063 1031 qua
1076 938 1179 1005 mixta
1196 930 1383 1031 supremum

373 1066 528 1135 Ismenon
548 1063 646 1156 primi
665 1076 797 1131 mutant
811 1060 955 1130 confinia
970 1060 1075 1154 ponti.
1407 1045 1411 1051 ¹

374 1181 599 1277 Fluctivagam
618 1184 666 1253 sio
685 1168 771 1276 sepe
786 1181 944 1267 domurn,
962 1179 1179 1273 madidosque
1192 1194 1327 1275 penates

374 1302 545 1397 Halcyone
563 1302 692 1371 deserta
711 1302 833 1398 gemit,
853 1324 957 1395 quum
976 1302 1119 1396 pignora
1137 1324 1242 1369 saevm

374 1428 507 1510 Ausoet,
526 1438 558 1493 et
577 1421 723 1518 algentes
741 1421 854 1515 rapuit
868 1418 986 1491 Thetis
1002 1419 1115 1489 invida
1133 1419 1241 1489 nidos.

422 1544 589 1639 Mergitur
608 1542 695 1611 orba
710 1542 854 1631 iterum,
871 1520 1071 1636 penitusque
1087 1540 1217 1642 occulta
1235 1540 1298 1609 sub
1313 1538 1402 1607 undis

375 1665 494 1733 Limite
514 1687 582 1733 non
602 1688 690 1751 uno,
710 1662 876 1757 liquidum
894 1662 1090 1756 quasqu
1109 1663 1201 1731 eunti

374 1789 481 1855 Lucet
497 1786 578 1869 iter,
597 1783 710 1853 miseri
727 1784 950 1876 nequicquam
968 1782 1084 1851 lamera
1103 1786 1172 1851 nati

374 1905 542 1999 Vestigat,
562 1902 757 1998 plangitque
775 1917 886 1971 tamen
906 1928 914 1970 :
931 1924 1018 1997 sepe
1033 1900 1189 1971 horridus
1208 1902 1313 1970 amnis
1440 1961 1441 1964 ,

375 2023 515 2108 Obstat,
533 2037 564 2092 et
583 2022 729 2091 obducm
750 2018 896 2118 caligant
912 2024 1075 2117 sanguine
1088 2023 1188 2091 visus.
1440 2007 1441 2012 ἵ

375 2143 435 2212 Illa
454 2158 567 2213 tamen
581 2168 726 2237 praeceps
743 2143 778 2210 in
797 2141 862 2211 tela
879 2141 1018 2211 offendit
1035 2158 1069 2211 et
1084 2166 1196 2229 enses,

375 2267 618 2358 scrutaturque
636 2288 739 2331 manu
757 2260 883 2357 galeas,
905 2278 939 2331 et
956 2284 1063 2357 prona
1078 2261 1218 2333 reclinat

375 2386 552 2480 Corpora:
573 2408 635 2453 nec
653 2399 760 2479 ponto
777 2383 928 2452 submota
947 2384 1093 2452 intrabat
1111 2406 1258 2453 amaram

374 2505 523 2594 Dorida,
542 2529 729 2601 possessum
747 2505 855 2574 donec
868 2506 938 2598 jam
955 2505 1109 2574 lltrctibus
1131 2504 1205 2575 altis

376 2625 560 2698 Nereidum
582 2626 878 2700 miserataeohors
897 2624 940 2695 ad
959 2641 1091 2720 pectore
1110 2627 1226 2696 meum

356 2833 358 2840 Α
376 2746 517 2842 impulit
536 2773 544 2815 :
560 2745 618 2816 illa
637 2771 738 2816 manu
756 2770 819 2815 cen
835 2747 948 2815 vivum
967 2745 1118 2842 amplexa
1135 2761 1301 2842 reportat,

376 2868 602 2961 Insternitque
616 2869 697 2938 toris
712 2869 881 2961 ripam,
899 2882 998 2961 atque
1014 2867 1154 2937 humida
1171 2871 1273 2938 siccat

375 2987 535 3058 Mollibus
549 3013 609 3058 ora
629 2991 753 3073 comis,
768 3004 867 3082 atque
881 2981 950 3057 limo
969 2987 1152 3058 ululatibus
1167 2989 1278 3059 addit:
1300 3040 1303 3046 ·

426 3113 524 3178 «Hoc
542 3105 601 3179 tibi
618 3109 752 3178 semidei
767 3134 889 3179 munus
906 3111 1052 3178 tribuere
1069 3112 1242 3204 parentes?

379 3231 450 3299 Nec
467 3228 617 3298 mortalis
635 3229 745 3298 avus?
764 3232 813 3298 sic
830 3245 948 3299 nostro
962 3233 996 3299 in
1018 3234 1150 3326 gurgite
1167 3231 1305 3328 regnas?

379 3350 495 3418 Mitior
513 3348 579 3417 heu
600 3351 722 3418 misero
741 3350 885 3438 discors,
902 3350 1076 3445 alienaque
1094 3352 1211 3444 tellus,

378 3470 496 3539 Mitior
516 3469 606 3538 unda
625 3472 745 3557 maris,
764 3497 838 3565 quae
852 3474 948 3566 juxta
965 3471 1103 3544 flumina
1122 3499 1243 3572 corpus

378 3591 537 3676 Rettulit,
555 3607 588 3661 et
604 3593 756 3662 miseram
777 3595 845 3662 visa
863 3609 1069 3687 exspectasse
1088 3603 1267 3690 parentem.

379 3713 467 3782 Hine
488 3715 552 3782 mei
570 3713 701 3782 vultus?
722 3716 792 3784 haec
810 3718 897 3785 torvi
915 3704 1042 3786 lumina
1059 3719 1186 3811 patris?

377 3834 421 3901 Hi
439 3834 546 3902 crines
563 3835 719 3904 undantis
738 3836 814 3904 avi?
830 3852 868 3906 tu
886 3829 998 3907 nobile
1016 3837 1186 3932 quondam

379 3951 572 4032 Undarum,
594 3981 833 4052 nemorumque
854 3959 973 4048 decus,
991 3985 1060 4054 quo
1076 3943 1201 4056 sospite
1216 3961 1317 4056 major

347 4099 352 4108 ¹
378 4074 483 4162 Diva,
501 4088 535 4144 et
551 4077 774 4172 nympharum
795 4075 895 4175 longe
912 4081 1029 4176 regine
1049 4081 1188 4152 ferebar.
