2934 4950
54 418 157 483 (ems.)
349 421 565 480 THEBMDOS
586 425 697 480 mua
716 424 765 480 IV.
787 453 790 462 r

54 549 150 614 Frena
163 559 298 632 tenent,
316 543 506 640 duplexque
523 549 651 618 inserto
666 546 789 617 missile
807 545 917 635 nodo,

51 667 151 734 Exerti
168 669 318 761 ingentes
334 666 493 736 humeros
508 695 517 736 ε
532 666 678 762 chlamys
693 666 829 737 horrida
847 661 993 760 pendet,

50 791 89 855 Et
103 813 186 856 cono
201 785 339 856 Ledaeus
357 811 451 881 apex.
467 789 546 858 Non
566 789 603 856 hi
619 788 682 858 tibi
700 786 829 874 solum,

50 907 256 1002 Amphiarae,
274 923 405 978 merent
420 934 428 977 :
443 923 544 1003 auget
560 912 718 1005 resupina
737 905 899 1002 maniplos

50 1026 109 1096 Elis
126 1055 134 1096 :
153 1028 315 1123 depressae
335 1027 480 1124 populus
500 1031 590 1100 subit
606 1029 713 1100 iuoole
728 1030 831 1118 Pisae,

50 1151 111 1238 Qui
125 1164 176 1236 te,
193 1148 300 1237 flare,
318 1165 436 1221 natant
450 1153 566 1237 terris,
583 1149 731 1245 Alphee,
751 1153 878 1221 Sicanis

49 1269 193 1356 Aduena,
210 1285 279 1340 tum
297 1270 399 1367 longo
415 1297 486 1343 non
501 1297 654 1367 uuquam
666 1272 787 1342 infecte
805 1269 981 1366 profundo.

50 1392 202 1460 Curribus
221 1391 408 1462 innumeris
421 1391 489 1464 late
506 1394 621 1488 putria
637 1417 717 1464 arva
734 1391 916 1480 lacessunt,

49 1513 85 1580 Et
99 1511 190 1582 bellis
205 1528 357 1582 armenta
373 1514 511 1584 domant
527 1542 536 1582 ε
554 1539 593 1585 ea
609 1513 715 1610 gloria
735 1517 826 1611 genti

49 1633 180 1703 Infando
197 1631 238 1702 de
255 1659 366 1723 more,
383 1650 416 1705 et
430 1637 545 1706 fractis
562 1636 665 1706 durat
681 1636 722 1707 ah
741 1661 854 1732 usque·

49 1757 167 1825 Axibus
183 1759 351 1828 OEnomai
367 1759 529 1828 :strident
548 1760 738 1854 spumantia
758 1783 871 1830 morsu

51 1875 202 1967 Vincula,
220 1894 255 1948 et
269 1877 405 1948 effossas
420 1880 537 1951 niveus
553 1883 640 1977 rigat
655 1882 762 1950 imber
780 1903 908 1950 arenas.

88 2001 138 2068 Tu
157 2023 293 2094 quoque
306 2001 498 2072 Parrhasias
514 2003 631 2098 ignara
646 2017 753 2072 matre
770 2018 917 2072 catervas

50 2119 94 2187 lh
110 2120 205 2189 rudis
219 2146 406 2209 annorum,
423 2139 555 2194 tantum
573 2149 660 2194 nova
677 2124 783 2221 gloria
800 2123 936 2213 suadet,

49 2239 295 2338 Parthenopaee‚
313 2245 402 2339 rapis
421 2271 430 2311 ε
449 2259 522 2314 tum
538 2245 643 2316 saltus
662 2247 749 2315 forte
765 2259 911 2314 remotos

1062 436 1082 496 9

49 2363 298 2456 'lorvapa1·ens,
316 2389 425 2459 neque
440 2367 530 2436 enim
541 2368 613 2437 haec
624 2368 740 2461 juveni
753 2367 841 2436 foret
855 2367 902 2436 ire
917 2380 1078 2461 potestas,

51 2484 182 2556 Pambat
200 2511 305 2557 cornu
316 2539 333 2577 ‚.
346 2487 512 2585 gelidique
530 2514 648 2559 aversa
665 2492 779 2584 Lycei.

49 2607 213 2679 Pulchrior
227 2608 318 2679 haud
335 2608 397 2679 ulli
416 2613 511 2680 triste
527 2610 571 2680 ad
588 2612 767 2681 discrimen
784 2613 874 2681 ituro

51 2728 176 2820 Vultus,
190 2744 225 2799 et
239 2734 383 2827 egregie
398 2746 489 2802 tanta
506 2732 715 2828 indulgentia
731 2734 869 2803 formae:

51 2850 110 2919 Nec
124 2850 245 2922 desunt
263 2854 385 2944 animi,
404 2854 517 2923 veniat
534 2855 636 2928 modo
656 2856 776 2927 fortior
793 2870 882 2925 aetas.
918 2878 921 2885 ⁴

50 2972 131 3061 Quos
146 3000 217 3045 non
232 2973 288 3045 ille
304 2975 408 3047 duces
425 3002 623 3065 nemorum,
643 2978 820 3073 fluviisque
835 2977 945 3048 dicata
1040 2986 1045 2991 ’

50 3094 199 3185 Numina,
215 3123 300 3193 ques
316 3123 440 3194 magno
455 3123 524 3168 non
543 3098 679 3195 impulit
695 3102 772 3196 igne
787 3098 950 3195 Napaeas?

49 3218 164 3310 lpsam,
179 3217 338 3291 Maenalia
355 3246 499 3316 puerum
516 3244 622 3315 quum
640 3220 723 3291 vidit
744 3224 777 3291 in
801 3223 935 3312 umbra,

50 3339 201 3431 Dianam,
221 3358 338 3413 tenero
355 3343 541 3439 signantem
558 3344 711 3440 gramina
731 3370 850 3439 passu,

50 3460 208 3555 lgnoruse
224 3464 340 3536 ferunt
355 3466 490 3554 comiti,
507 3467 703 3561 Dictoeaque
720 3466 786 3537 tela

51 3582 162 3675 Ipsam,
184 3601 219 3656 et
233 3586 415 3682 Amyclaeas
430 3588 580 3659 humeris
598 3603 728 3684 aptasse
743 3588 927 3684 pharetras.

90 3708 222 3780 Prosilit
233 3709 351 3781 audaci
371 3714 491 3781 Martis
509 3737 687 3807 percussus
705 3738 836 3797 amore,

51 3832 155 3920 Arna,
172 3832 271 3903 tubas
288 3833 405 3903 audire
425 3833 557 3923 calens,
579 3850 613 3905 et
632 3832 770 3932 pulvere
791 3831 868 3903 belli

51 3949 230 4025 Flaventem
245 3954 381 4026 sordere
395 3980 548 4045 comam,
564 3973 732 4051 captoque
752 3956 868 4026 referri
932 3988 934 3995 ·

52 4070 153 4145 Hostis
173 4101 284 4171 equo:
299 4066 397 4147 taedet
414 4102 611 4168 nemorum,
631 4076 832 4174 titulumque
852 4095 1028 4148 nocentem
1076 4156 1078 4163 y
