2934 4950
89 428 126 490 (v.
139 423 209 487 3⁵⁵.)
402 419 619 478 THEBAIDOS
641 419 752 479 LIBER
772 423 836 480 ΧΠ.
1087 425 1142 494 243

91 555 144 621 Ut
163 548 315 646 paullum
333 548 483 616 immisso
498 533 596 618 cessit
613 551 714 617 statio
731 549 869 619 horrida
886 575 1020 639 somno,

90 672 251 766 Erumpit
267 671 372 740 muris
390 697 398 738 :
419 669 554 738 fremitu
577 695 645 764 quo
663 673 796 740 territat
812 697 910 768 agros

90 795 246 890 Virginis
264 795 313 862 ira
329 790 387 862 ieoe
405 792 534 878 rabies,
554 794 609 862 cui
629 790 733 863 iibere
754 794 889 864 tandem

89 921 139 996 Et
158 918 286 1011 primus
306 916 377 984 sine
397 929 505 983 matre
525 913 646 984 furor:
665 939 727 984 nec
748 913 848 1010 ionga
865 931 996 986 morata
1012 931 1081 1004 est,

90 1041 234 1134 Quippe
247 1053 377 1108 trucem
391 1061 567 1132 campum,
583 1051 617 1106 et
630 1039 760 1131 positus
777 1063 844 1140 quo
861 1038 1001 1134 pulvere
1015 1039 1120 1109 frater

92 1164 272 1232 Noverat:
291 1173 392 1254 atque
411 1157 502 1228 illam
516 1153 633 1228 contra
652 1158 744 1228 videt
762 1161 811 1228 ire
827 1163 1011 1250 Menoetes,

91 1283 158 1352 Cui
177 1297 291 1371 vacat,
310 1290 343 1351 et
362 1305 447 1351 carae
465 1281 608 1376 gemitus
625 1283 809 1376 compescit
828 1279 980 1350 alumnae.

142 1405 261 1494 Quum
280 1419 392 1474 tamen
411 1415 538 1492 erectas
556 1416 725 1476 extremus
743 1404 883 1499 virginis
901 1429 998 1474 aures

90 1529 241 1598 Accessit
262 1521 365 1596 sonus
381 1551 390 1594 t
407 1539 512 1622 utque
531 1541 605 1598 atra
624 1527 687 1596 sub
703 1541 818 1615 veste,
837 1527 1008 1621 comisque
1088 1514 1090 1517 ⁵

89 1647 328 1744 squalentem,
346 1663 381 1719 et
399 1670 510 1718 crasso
528 1649 685 1720 foedatam
701 1651 862 1745 sanguine
878 1647 992 1718 vultus

88 1775 271 1842 astrorum
292 1767 411 1859 radiis,
427 1783 462 1841 et
479 1785 622 1866 utraque
638 1795 658 1841 a
677 1771 832 1866 lampade
851 1770 936 1839 vidit
953 1793 962 1837 t

91 1892 253 1985 «Cujus,
272 1891 336 1976 ait,
355 1895 492 1983 Manes,
510 1908 569 1964 aut
589 1917 688 1988 quem
708 1894 886 1963 temeraria
906 1893 1027 1986 quteris
1098 1916 1104 1926 ·

89 2016 201 2085 Nocte
217 2013 339 2083 meni»
354 2013 437 2084 nihii
457 2013 515 2096 ilia
533 2015 613 2104 diu,
632 2015 690 2085 sed
707 2017 743 2085 in
761 2041 821 2085 ora
837 2015 951 2086 mariti

88 2136 238 2229 Dejicit‚
257 2137 359 2230 inque
379 2161 456 2206 suos
477 2138 605 2233 pariter
623 2136 789 2234 velamina
804 2137 936 2227 vultus,

36 2259 39 2266 “
91 2259 203 2354 Capta
224 2273 314 2327 metu
334 2257 465 2348 subito,
485 2255 704 2353 paullumque
720 2257 824 2328 oblite
842 2257 978 2328 doloris.

90 2385 166 2452 Hoc
183 2382 290 2478 magis
309 2382 512 2477 increpitans
534 2395 687 2475 suspecta
708 2379 860 2469 silentia,
880 2395 1008 2476 perstat

90 2506 284 2600 Antigone,
304 2506 526 2599 comitemque
544 2528 699 2600 premens
719 2504 922 2599 ipsamque:
941 2502 999 2571 sed
1018 2504 1117 2571 ambo

90 2624 282 2713 Deficiunt,
300 2626 424 2721 fixique
443 2624 569 2696 silent:
587 2624 722 2695 tandem
741 2650 800 2695 ora
820 2626 940 2694 retexit

90 2749 213 2843 Argia,
233 2756 422 2843 corpusque
443 2762 557 2819 tamen
578 2746 774 2843 complexa,
794 2746 973 2843 profatur:

91 2900 109 2935 c
123 2871 159 2941 si
177 2868 261 2965 quid
278 2872 312 2940 in
329 2871 395 2940 hoc
412 2872 514 2941 veteri
530 2869 697 2940 bellorum
713 2872 876 2964 sanguine
892 2892 1023 2939 mecum

91 2993 287 3083 Quaesitura
304 2994 414 3079 venis,
435 2994 461 3062 si
483 3008 520 3063 tu
540 3016 676 3088 quoque
694 2988 779 3063 dura
798 2992 954 3063 Creontis

92 3118 191 3184 Jusse
208 3115 321 3202 times,
338 3140 491 3210 possum,
510 3115 572 3184 tibi
590 3140 643 3185 me
663 3115 805 3201 confisa,
825 3113 933 3183 fateri.

94 3238 130 3307 Si
149 3239 271 3307 misera
288 3262 343 3327 es,
364 3252 453 3308 certe
469 3236 634 3333 lacrymas
654 3236 867 3332 lamentaque
886 3260 1009 3323 cerno,

93 3362 221 3455 Junge,
239 3384 314 3455 age,
327 3362 432 3455 junge
446 3360 546 3431 fidem
562 3386 571 3430 ι
590 3360 699 3457 proles
718 3385 782 3455 ego
799 3363 888 3457 regis
903 3359 1060 3453 Adrasti:

96 3481 182 3576 (Hei
200 3479 298 3551 mihi!
316 3508 398 3551 num
416 3484 491 3577 quis
507 3480 640 3578 adecti)
658 3484 726 3551 cari
744 3482 912 3578 Polynicis
930 3483 973 3551 ad
990 3483 1101 3578 ignes,

94 3604 168 3673 Etsi
186 3628 290 3699 regna
308 3620 435 3674 vetant.
450 3635 467 3671 s
485 3606 622 3700 Stupuit
639 3606 799 3676 Cadmeia
817 3606 933 3701 virgo,

96 3728 341 3821 Intremuitque
361 3725 479 3815 simui,
499 3727 728 3823 dicentemque
748 3743 892 3822 occupat
908 3726 1022 3796 uitro:

97 3852 228 3919 «Mene
246 3849 349 3945 igitur
366 3852 490 3920 sociam
508 3850 594 3946 (pro
613 3874 684 3919 sors
703 3846 859 3945 ignarai)
880 3848 1079 3943 maiorum,¹

96 3975 198 4042 Mene
215 3973 336 4065 times?
355 3996 430 4043 mea
445 3972 596 4043 membre
615 3988 727 4061 tenes,
748 3996 821 4041 mea
838 3971 958 4042 funera
976 3971 1117 4069 plangis.

99 4096 208 4182 Cedo,
228 4096 295 4165 ten'
317 4094 445 4191 pudet?
461 4094 527 4165 heu
546 4099 650 4191 pietas
669 4098 791 4191 ignava
811 4093 955 4164 sororis!
971 4126 987 4158 n

816 4308 820 4316 .
936 4217 987 4289 ι6.
