2934 4950
79 481 117 542 tv·
137 481 207 544 με.)
396 483 610 560 rnnanmos
632 483 743 540 erana
764 484 816 540 ru.
1076 505 1133 562 „9
1164 522 1169 531 .

80 610 239 679 Libertas
258 609 401 697 misera,
416 624 449 678 et
468 635 561 679 saevae
580 635 655 705 spes
675 613 775 682 anxie
794 607 940 680 mortis(
1062 643 1065 647 ·

78 733 126 799 Et
144 755 237 798 nunc
255 754 331 800 eece
350 745 425 800 tuas
436 733 547 801 irritat
564 730 809 822 eellidusiras,

79 849 366 946 suppliciumque
381 854 475 947 eupit
492 879 500 921 ε
518 851 577 922 sed
594 869 631 924 tu
650 855 854 950 majoribus,
872 879 955 941 oro,

79 975 225 1069 Imperii
243 975 373 1069 potiare
387 973 506 1064 bonis,
525 973 678 1070 altusque
693 977 842 1070 jacentes

79 1099 285 1186 Pretereas,
301 1112 335 1166 et
351 1121 472 1192 magna
489 1096 615 1168 dueum
631 1122 767 1167 vereare
787 1099 937 1192 priorum

79 1223 218 1288 Funera
235 1244 244 1287 :
261 1217 367 1288 ethic
385 1217 556 1312 quondam
571 1216 655 1288 solio
674 1217 843 1308 sublimis,
864 1235 899 1287 et
916 1222 1031 1289 armis

80 1343 225 1434 Septus,
241 1365 339 1434 opem
358 1340 507 1429 miseris,
530 1334 608 1433 jura
626 1317 661 1409 et
678 1341 893 1434 poscentibus
912 1365 1043 1434 equus,

78 1461 366 1557 Supplicibnsque
387 1461 490 1532 dabat
510 1489 517 1530 :
538 1465 592 1532 eui
612 1487 701 1532 nunc
719 1487 761 1531 ex
779 1463 914 1558 agmine
932 1476 1026 1530 tanto

79 1586 164 1654 Una
184 1609 311 1674 eomes,
328 1584 472 1656 necdum
487 1583 580 1654 exsul
599 1587 671 1666 'erat
690 1611 698 1653 :
719 1583 872 1655 felicibus
891 1584 990 1652 hicne
1013 1568 1014 1571 Ἴ

79 1706 233 1776 Obstat?
252 1709 288 1776 in
304 1707 397 1778 hunc
415 1705 507 1776 odiis?
519 1708 666 1802 etregni
686 1704 813 1776 viribus
830 1703 922 1774 exis?

78 1835 184 1899 Hunc
201 1830 307 1925 abigis
323 1829 440 1924 tectis?
459 1854 502 1898 an
520 1855 562 1898 ne
583 1853 688 1924 prope
706 1826 821 1898 limina
838 1826 966 1897 clarum

78 1955 258 2048 Ingemat,
275 1965 309 2020 et
322 1944 412 2020 iretis
432 1949 684 2046 intempestivus
702 1950 859 2020 oberret?

78 2079 178 2145 Pone
196 2087 339 2161 metum,
359 2072 477 2168 procul
497 2098 602 2168 usque
621 2087 679 2143 tna
698 2073 873 2142 submotus
892 2073 934 2141 ab
953 2071 1029 2142 aula

79 2195 191 2266 Flebit
210 2221 218 2264 :
238 2219 302 2293 ego
320 2209 468 2265 erectum
488 2194 659 2289 subigam,
680 2209 713 2262 et
730 2195 857 2264 servire
874 2193 1012 2263 docebo.

80 2320 236 2391 Coetibus
253 2319 433 2408 abducam,
452 2317 588 2412 solaque
607 2321 643 2386 in
660 2318 738 2388 sede
754 2317 943 2388 recondam.

80 2443 187 2515 Exsul
203 2445 269 2514 erit
290 2468 489 2539 :namque
509 2444 667 2539 migranti
686 2430 823 2511 externa
842 2441 1004 2535 patebunt
1124 2510 1129 2519 ,

80 2564 231 2636 Maenia?
248 2566 299 2635 vis
318 2570 426 2662 Argos
441 2580 512 2655 eet,
529 2556 733 2658 hostilesque
750 2566 911 2659 Mycenas

82 2684 264 2782 Squalidus
283 2688 443 2782 irreptet?
462 2688 607 2781 victique
623 2685 665 2755 ad
682 2684 784 2755 limen
805 2684 938 2754 Adrasti

80 2812 208 2881 Aonias
230 2824 343 2879 narret
357 2808 491 2880 clades?
510 2824 709 2904 tenuemque
730 2822 885 2902 precetur

81 2936 166 3033 Rex,
174 2932 353 3001 Thebanus
368 2930 487 3027 opem?
506 2932 634 3000 miserae
651 2929 732 3025 quid
751 2931 892 3000 crimina
910 2931 1017 3024 gentis

68 3029 256 3139 ¹Pandere,
278 3052 359 3149 quid
378 3078 474 3123 casus
488 3055 586 3147 juvat
602 3067 770 3123 ostentare
791 3050 987 3147 pudendos?

82 3175 219 3265 Conde,
237 3200 367 3270 precor,
382 3176 607 3271 quodcunque
620 3200 754 3245 sumus:
768 3199 830 3243 nec
839 3171 941 3269 longa
954 3196 1131 3268 precemur

83 3302 202 3385 Dona,
222 3301 334 3368 Creon
355 3324 362 3366 :
386 3300 542 3368 miserere
561 3298 647 3367 senis
667 3298 843 3391 moestique
861 3295 1021 3391 parentis.

82 3422 148 3489 Hic
166 3444 296 3514 precor,
314 3421 368 3489 hic
389 3444 504 3489 manes
523 3418 659 3513 indulge
678 3444 829 3515 ponere:
851 3433 941 3487 certe

82 3540 267 3612 Thebanos
287 3540 425 3636 sepelire
444 3537 530 3610 licet.
542 3571 559 3606 a
579 3542 633 3611 sie
651 3555 744 3626 oret,
765 3540 926 3633 humique

83 3661 245 3733 Volvitur
265 3688 272 3731 :
294 3662 431 3733 abducit
447 3664 589 3759 genitor,
609 3685 799 3759 saevumque
815 3662 964 3731 minatur

83 3784 269 3881 Indignans
286 3786 419 3855 veniam
442 3811 449 3851 ε
470 3781 577 3878 qualis
598 3766 650 3853 leo
669 3806 754 3877 rupe
774 3780 937 3871 subalta,

84 3908 197 3995 Quem
220 3906 359 3975 viridem
379 3904 548 3999 quondam
568 3902 657 3973 silve
677 3918 874 4000 montesque
896 3905 1098 3992 tremebant,

83 4031 158 4096 Jam
178 4028 283 4123 piger,
304 4042 337 4096 et
355 4026 456 4122 longo
473 4027 560 4120 jacet
577 4040 766 4095 exarmatus
787 4026 830 4095 ab
848 4051 933 4111 aevo,

84 4152 211 4245 Magna
231 4164 342 4218 tamen
365 4149 480 4239 facies,
501 4164 533 4219 et
550 4174 618 4218 non
637 4148 790 4218 adeunda
809 4164 962 4221 senectus
982 4175 990 4217 :
