2934 4950
68 511 116 566 ss
376 499 569 558 smmum
587 499 695 558 urum
718 501 755 557 11.
1051 493 1088 569 ⁵⁷

66 615 1079 648 mmmmm*

526 972 606 1058 VI.

138 1271 455 1342 coNsoLtTto
479 1271 545 1339 AD
570 1270 797 1340 FLAVIUM
821 1271 995 1341 URSUM

281 1483 325 1529 DE
348 1481 531 1530 Amisstottn
552 1483 658 1530 ruem
678 1483 848 1530 emetur.

100 2178 186 2262 sim
201 2177 318 2265 nimis,
337 2175 489 2271 lacrymis
508 2178 657 2272 quisquis
673 2176 868 2246 discrimina
886 2179 1003 2273 ponis,

66 2296 259 2393 lugendique
279 2295 411 2390 modos!
432 2299 592 2367 Miserum
613 2313 662 2367 est
682 2301 840 2393 primaeva
861 2300 991 2393 parenti

67 2415 200 2512 Pignora,
219 2432 457 2516 surgentesque
477 2417 603 2516 (nefas)
622 2419 802 2490 accendere
817 2435 912 2490 natos
933 2446 941 2489 ε

67 2538 173 2610 berum
189 2555 223 2611 et
242 2541 384 2629 deserti,
404 2554 567 2636 praerepta
586 2542 747 2635 conjuge,
769 2555 898 2635 partem

67 2656 259 2736 Coudamare
281 2663 346 2731 tori
367 2688 375 2729 :
396 2676 511 2731 moesta
527 2674 560 2731 et
576 2658 721 2730 lamenta
739 2686 907 2749 sororum,

67 2778 98 2844 Et
107 2778 237 2851 barrum
253 2782 405 2878 gemitus.
426 2786 526 2853 Arete
541 2796 668 2868 tomen,
687 2798 720 2849 et
739 2780 857 2876 procul
878 2782 979 2851 intrat

66 2894 153 2969 Altius
166 2903 201 2971 in
216 2927 345 2988 sensus,
362 2904 554 2998 majoraque
570 2900 710 2972 vulnera
728 2902 833 2972 vincit
868 2887 875 2910 ’

67 3013 146 3113 Plaga
162 3024 283 3092 minor.
305 3020 480 3092 Famulum
501 3021 679 3118 (quoniam
697 3046 811 3092 rerum
824 3024 938 3092 omnia
953 3048 1038 3091 caeca

68 3135 107 3206 Sic
119 3143 228 3212 miscet
245 3150 395 3215 Fortuna
414 3167 535 3231 manu,
557 3167 618 3211 nec
639 3158 774 3237 pectora
788 3142 906 3238 novit)

68 3256 115 3326 Sed
129 3260 288 3333 famulum
302 3264 421 3358 gemis,
437 3266 537 3351 Urse,
554 3265 648 3359 pium
666 3290 673 3331 :
694 3262 752 3333 sed
765 3288 893 3352 amore,
911 3263 1042 3358 fideque

68 3378 118 3447 Has
134 3385 286 3454 meritum
306 3381 482 3478 lacrymam
502 3384 556 3453 eui
575 3384 681 3476 major
699 3396 871 3454 stemmate
882 3386 1000 3480 juncto

68 3496 206 3573 Nobilitas
221 3529 262 3574 ex
283 3517 396 3574 mente
411 3503 482 3574 fisis.
500 3506 553 3577 Ne
572 3506 757 3599 comprime
776 3504 892 3591 fletus,

69 3614 105 3686 Ne
119 3624 234 3715 pudeat
255 3651 263 3694 :
284 3638 421 3718 rumpat
438 3622 549 3693 frenos
568 3622 663 3693 dolor
682 3626 743 3694 iste
763 3625 932 3722 (Deisque

69 3736 93 3803 Si
107 3755 163 3813 tam
180 3744 262 3815 dura
279 3744 446 3841 placent),
465 3746 634 3815 hominem
653 3746 757 3841 gemis
774 3745 846 3842 (hei
862 3743 961 3815 mihi!
979 3747 1087 3817 subdo

68 3856 122 3948 lpse
137 3864 240 3961 faces)
255 3866 443 3952 hominem,
461 3869 563 3955 Urse,
581 3879 676 3935 tuum
714 3868 768 3935 cui
789 3865 885 3936 dulce
900 3866 1025 3936 volenti

69 3976 232 4075 Servitium,
252 3987 308 4057 cui
325 3988 419 4056 triste
435 3985 536 4074 nihil;
552 3989 610 4081 qui
628 4001 763 4083 sponte,
783 3988 911 4081 sibique

68 4093 235 4195 Imperideus
256 4120 340 4178 eret.
362 4108 527 4197 Quisnam
545 4109 614 4179 hsce
629 4111 663 4179 in
683 4109 801 4180 lunera
820 4109 934 4177 missos
