2934 4950
377 375 431 433 136
727 380 757 433 Ρ.
781 375 902 434 ettam
913 376 1047 432 sunm
1323 385 1360 439 i*-
1376 379 1427 437 ⁵⁰3

376 507 596 590 Autumnum,
613 516 647 571 et
660 503 745 572 caris
764 499 1054 598 gandetredimita
1067 503 1221 570 racemis:
1241 525 1248 555 -·

421 621 616 690 Laudentur
637 622 785 716 proavis,
805 645 863 691 seu
883 620 1030 715 pulchrae
1050 644 1188 692 munere
1206 620 1347 710 formae,

374 741 459 829 Qnae
477 767 609 811 morum
627 767 764 812 caruere
783 743 894 831 honis,
915 741 1062 835 falsaque
1082 757 1235 837 potentes

373 859 499 930 Laudis
517 877 616 957 egent
631 887 718 932 verae
733 888 743 931 ε
760 862 836 952 tibi,
855 887 1044 958 quanquam
1062 877 1096 932 et
1110 864 1205 959 origo
1223 866 1355 933 niteret

376 983 420 1049 Et
438 978 517 1050 felix
536 982 675 1077 species,
695 981 905 1079 multumque
923 983 1072 1078 optanda
1092 984 1234 1072 maritis,

374 1103 426 1170 Ex
447 1117 480 1172 te
499 1104 607 1196 major
624 1103 749 1194 bonne,
770 1129 874 1173 unum
894 1105 1025 1174 novisse
1046 1103 1169 1192 cubile,
1188 1167 1191 1177 .

374 1223 490 1292 Unum
511 1223 644 1294 secretis
660 1227 787 1319 agitare
806 1224 867 1294 sub
887 1226 1016 1294 ossibus
1034 1227 1155 1320 ignem.

375 1339 476 1411 Illum
496 1368 559 1413 nac
577 1345 742 1441 Phrygius
761 1346 910 1414 vitiasset
928 1358 1044 1440 raptor
1062 1369 1226 1436 amorem,

375 1460 565 1532 Dulichiive
581 1467 692 1559 proci;
708 1489 771 1535 nec
788 1467 846 1559 qui
863 1465 1027 1536 fraternus
1046 1464 1190 1536 adulter,

376 1585 474 1652 Casta
488 1587 659 1678 Mycenaeo
674 1586 843 1654 connubia
858 1581 981 1681 polluit
997 1611 1088 1657 auro.

375 1704 410 1771 Si
425 1701 602 1798 Babylonis
618 1730 714 1800 opes,
732 1704 832 1801 Lydae
848 1706 876 1776 ei
893 1706 1162 1802 ponderagazae,

375 1822 605 1918 Indorumque
620 1825 716 1894 dares
731 1828 915 1922 Serumque
931 1828 1144 1921 Arabumque
1159 1840 1315 1922 potentes

375 1945 534 2028 Divitias,
554 1943 669 2020 mallet
686 1971 764 2016 cnm
779 1961 974 2043 paupertate
990 1946 1112 2042 pudica

375 2065 578 2135 Intemerata
596 2067 697 2157 mori,
716 2067 886 2164 vitamque
904 2067 1086 2163 rependere
1105 2068 1210 2138 famen.¹

375 2187 446 2256 Nec
461 2185 554 2256 frons
570 2189 663 2257 triste
678 2188 804 2284 rigens,
820 2189 1009 2283 nimiusque
1023 2190 1058 2259 in
1071 2189 1218 2260 moribus
1231 2175 1373 2275 burron

377 2306 443 2375 Sed
463 2304 618 2400 simplex,
637 2305 818 2402 hilarisque
837 2307 933 2398 fides,
950 2324 984 2378 et
1003 2310 1106 2380 mixta
1123 2309 1244 2404 pudori

376 2429 494 2500 Gratia
515 2453 524 2496 ε
544 2428 635 2523 quod
655 2429 683 2498 si
702 2452 825 2524 anceps
845 2443 953 2500 metus
972 2429 1014 2501 ad
1034 2431 1160 2525 majora
1179 2445 1348 2519 vocasset,

374 2546 438 2618 llla
453 2547 505 2619 vel
524 2550 694 2620 armiferae
712 2576 775 2645 pro
790 2550 931 2647 conjuge
947 2550 1020 2621 laeta
1038 2567 1217 2641 catervas,

374 2667 631 2765 Fulmineosque
646 2671 754 2767 ignee,
770 2671 937 2766 mediique
953 2670 1100 2767 pericula
1117 2674 1227 2766 ponti,

375 2791 551 2885 Exciperet
569 2817 578 2859 τ
596 2790 731 2879 melius,
747 2791 839 2886 quod
855 2817 923 2861 non
943 2791 1079 2861 adversa
1100 2792 1304 2888 probarunt,

376 2913 462 3001 Quae
478 2912 538 2981 tibi
553 2937 633 2982 cura
648 2913 730 3001 tori,
746 2927 891 3006 quantus
909 2938 970 3006 pro
989 2914 1132 3009 conjuge
1149 2910 1267 3008 pallor.

375 3031 441 3100 Sed
460 3029 597 3101 meliore
616 3034 671 3100 via
691 3030 823 3101 dextros
842 3046 899 3101 tna
917 3047 994 3101 vota
1009 3035 1128 3111 niarito

375 3152 591 3229 Promeruere
609 3154 715 3236 Deos;
732 3148 812 3220 dum
833 3166 930 3221 nocte
947 3150 1066 3247 dieque
1085 3153 1201 3249 fatigas

374 3273 538 3359 Numina,
559 3268 638 3346 duro
659 3272 787 3340 cunctis
808 3268 946 3367 supplex
967 3272 1154 3343 advolveris
1172 3276 1254 3363 ariS,

374 3396 417 3462 Et
431 3392 545 3462 mitem
561 3393 695 3487 genium
715 3390 842 3485 domini
861 3396 1030 3487 praesentis
1049 3394 1177 3465 adoras.

423 3513 547 3583 Audita
563 3539 613 3600 ee;
630 3513 788 3606 uenitque
806 3511 910 3608 gradu
922 3516 1067 3585 Fortuna
1085 3516 1241 3611 benigno.
1319 3552 1326 3559 ·

373 3632 468 3703 Vidit
483 3634 608 3728 quippe
624 3634 670 3728 pii
684 3632 817 3726 juvenis
834 3656 1019 3729 navamque
1035 3634 1196 3728 quietem,

372 3755 601 3847 intactamque
616 3752 731 3841 fidem,
752 3753 987 3847 succinctaque
1004 3769 1139 3849 pectora
1155 3756 1259 3846 curis,

372 3877 418 3943 Et
437 3871 553 3969 vigiles
573 3898 699 3963 sensus,
720 3888 754 3943 et
773 3872 874 3970 digna
893 3872 1049 3944 evolvere
1065 3890 1173 3947 tantas

374 3994 491 4063 Sobria
510 3994 609 4070 corda
630 3997 733 4083 vices3
755 3996 851 4085 vidit,
870 3996 927 4089 qui
949 4012 1069 4066 cuncta
1090 4020 1226 4073 suorum
