2934 4950
339 455 395 493 rao
681 437 711 490 P.
733 433 856 490 PUBLII
877 432 1001 489 S'l'ATIl
1282 427 1320 491 (v.
1333 445 1376 475 no

335 559 431 630 Mille
451 560 498 630 ibi
517 573 597 629 tunc
618 560 744 654 species
763 559 903 652 aerisque
923 557 1105 650 eborisque
1117 553 1261 642 vetusti,

336 684 448 775 Atque
469 679 640 750 locuturas
660 680 803 749 mentito
822 703 962 773 corpore
980 701 1072 747 ceras

336 800 467 871 Edidici
489 827 497 869 :
518 802 593 895 quis
612 824 758 894 namque
777 798 882 870 oculis
904 799 1083 869 certaverit
1101 821 1243 891 usquam

337 920 508 1010 Vindicis,
529 919 694 990 artificum
714 935 841 990 veteres
860 945 1062 1016 cognoscere
1083 919 1224 1006 ductus,

338 1045 381 1112 Et
402 1067 472 1112 non
491 1042 660 1136 inscriptis
680 1058 851 1113 auctorem
873 1042 1012 1112 reddere
1032 1039 1158 1138 signis?

327 1162 401 1231 llic
421 1162 481 1232 tibi
501 1187 575 1258 quae
595 1161 695 1232 docto
716 1163 861 1234 multum
880 1162 1018 1259 vigilata
1038 1163 1175 1258 Myroni

339 1285 434 1372 AEra,
453 1281 623 1354 laboriferi
643 1286 758 1354 vivant
779 1310 852 1378 quae
871 1309 1039 1355 marmora
1061 1275 1141 1354 caelb

338 1403 530 1491 Praxitelis,
547 1405 638 1498 quod
651 1405 736 1474 ebur
751 1407 854 1475 Pisaeo
871 1403 991 1500 pollice
1007 1431 1139 1495 rasum,

338 1523 443 1613 Quod
462 1522 659 1619 Polycleteis
675 1526 807 1620 jussum
827 1541 878 1595 est
897 1527 1025 1622 spirare
1045 1527 1202 1614 caminis,

339 1646 445 1714 Linea
465 1625 538 1739 quae
557 1661 704 1716 veterem
724 1645 823 1742 longe
843 1647 986 1716 fateatur
1005 1645 1180 1742 Apellem,

338 1764 542 1837 Monstrabit
564 1793 573 1836 t
594 1791 739 1860 namque
758 1767 848 1856 haec,
870 1770 1001 1861 quoties
1022 1766 1141 1863 chelyn
1161 1770 1270 1838 exsuit
1290 1766 1377 1854 ille,

340 1886 476 1956 Desidia
494 1887 564 1976 est;
583 1888 638 1958 hic
657 1869 774 1960 Aoniis
794 1913 889 1960 amor
909 1904 1028 1958 avocat
1047 1892 1161 1960 antris.

389 2012 468 2079 Haec
487 2009 592 2098 inter,
612 2023 710 2079 castae
729 2011 858 2080 Genius
878 2008 1049 2104 tutelaque
1069 2036 1191 2082 mensae

341 2125 678 2224 Amphitryoniades,
699 2128 808 2201 multo
827 2156 902 2201 mea
923 2133 1010 2226 cepit
1029 2153 1143 2201 amore
1176 2209 1192 2218 Η

342 2253 503 2337 Pectora,
524 2275 587 2321 nec
606 2249 708 2347 longo
727 2253 859 2332 satiavit
878 2231 1006 2321 lumina
1026 2253 1126 2322 visu:
1205 2235 1207 2240 ι

342 2374 471 2442 Tantus
490 2373 598 2442 honos
617 2373 731 2468 operi,
751 2371 899 2467 finesque
920 2371 1046 2448 inclusa
1063 2398 1122 2467 per
1138 2387 1248 2444 arctos

343 2491 520 2588 Maiestas!
541 2498 634 2564 Deus
654 2494 727 2581 ille,
747 2498 858 2583 Deus;
881 2519 1017 2589 seseque
1036 2469 1217 2564 videndum

344 2612 506 2701 Indulsit,
525 2616 692 2711 Lysippe,
712 2616 796 2701 tibi,
817 2640 1006 2711 parvusque
1027 2615 1132 2684 videri

347 2736 538 2835 Sentirique
556 2738 674 2838 ingens
692 2762 701 2805 ε
718 2751 753 2835 et¹
770 2761 875 2845 quum
894 2734 1055 2818 mirabilis
1071 2738 1160 2805 intra
1233 2832 1237 2839 Ι

347 2860 420 2927 Stet
440 2881 596 2935 mensura
616 2857 755 2951 pedem,
777 2871 887 2926 tamen
909 2855 1093 2938 exclamare
1112 2855 1249 2943 libebit,

347 2981 382 3050 Si
400 2980 491 3050 visus
512 3004 574 3074 per
592 2980 742 3057 membra
762 2978 867 3065 feras,
887 2981 987 3047 «Hoc
1008 2994 1141 3076 pectore
1157 3002 1289 3076 pressus

347 3102 505 3171 Vastator
525 3103 686 3186 Nemees;
705 3096 776 3167 haec
796 3096 928 3167 exitiale
948 3098 1099 3168 ferebant

348 3223 481 3329 Robur,
499 3238 533 3290 et
551 3225 681 3322 Argoos
702 3220 901 3315 frangebant
918 3220 1054 3293 brachia
1075 3246 1193 3290 remos.

348 3348 421 3415 Hoc
441 3343 547 3439 spatio
569 3358 639 3413 tam
658 3367 779 3439 magna
798 3342 891 3419 brevi
908 3341 1079 3411 mendacia
1094 3339 1225 3412 lomnae!

349 3466 436 3555 Quis
456 3464 576 3535 modus
596 3466 630 3533 in
651 3463 788 3553 dextra,
809 3478 934 3557 quanta
954 3465 1158 3563 experientia
1178 3462 1269 3539 docti

350 3585 500 3659 Artificis
518 3586 627 3676 curis,
648 3587 774 3681 pariter
790 3587 974 3681 gestamina
993 3610 1113 3654 mense

350 3709 509 3802 Fingere,
530 3723 564 3778 et
583 3709 736 3804 ingentes
755 3707 870 3776 animo
890 3731 1022 3776 versare
1043 3704 1203 3775 colossos!

351 3827 431 3899 Tale
450 3854 511 3899 nec
530 3828 625 3905 Idaeis
646 3828 830 3923 quidquam
849 3825 1024 3897 Telchines
1046 3826 1081 3895 in
1101 3826 1227 3915 antris,

353 3952 424 4021 Nec
441 3948 565 4020 solidus
585 3954 745 4039 Brontes,
762 3974 823 4027 nec
842 3949 901 4048 qui
920 3945 1005 4044 polit
1019 3972 1111 4016 arma
1128 3942 1277 4021 Deorum

353 4072 532 4159 Lemnius,
552 4072 671 4166 exigua
690 4072 852 4166 potuisset
872 4046 986 4139 ludere
1004 4094 1120 4139 massa.
1134 4098 1150 4133 »

1378 426 1403 488 -1
