2934 4950
99 424 213 488 ΜΒ.)
429 424 642 485 THEBAIDOS
663 428 774 487 LIBER
796 429 819 485 1.
1083 422 1144 477 ‘¹⁸1

99 550 286 623 Persolidat
303 556 426 621 boreas
445 578 452 620 :
473 578 605 623 necnon
622 538 766 651 abrupta
781 556 980 625 tremiscunt

98 672 264 768 Fulgura,
281 686 316 742 et
333 675 468 742 attritus
486 674 595 744 subita
612 674 682 744 face
699 674 1000 771 rumpituraetber.

96 798 174 863 Jam
190 796 338 881 Nemee,
354 796 423 889 jam
440 796 599 865 Tanariis
616 798 824 877 contermina
840 792 926 881 lucis

96 915 253 985 Arcadiae
270 915 381 1009 capita
397 912 629 987 altamadent.
649 919 731 987 Ruit
749 918 882 1013 agmine
894 916 999 995 lacto.

97 1036 268 1124 Inachus,
287 1049 320 1104 et
337 1033 620 1132 gelidas-surgens
636 1040 797 1107 Erasinos
816 1036 859 1107 ad
875 1041 1004 1107 Arctos.
1080 1044 1091 1073 ⁸

98 1155 341 1229 Pulverulenta
361 1158 473 1253 prius,
492 1157 715 1253 calcandaque
730 1160 870 1229 flumina
889 1157 989 1231 nullae

95 1280 290 1377 Aggeribus
312 1294 450 1351 tenuere
467 1306 589 1369 morae,
606 1297 794 1377 stagnoque
810 1283 919 1351 refusa
937 1296 988 1350 est

96 1400 286 1492 Funditus,
307 1417 341 1473 et
360 1402 464 1473 veteri
483 1404 651 1497 spumavit
669 1406 780 1473 Lerna
798 1427 953 1475 veneno·
1015 1451 1019 1456 ,
1082 1386 1085 1389 ⁴

96 1524 285 1619 Frangitur
299 1548 398 1592 omne
418 1548 536 1595 nemus
553 1524 716 1619 :rapiunt
737 1528 876 1621 antiqua
893 1523 1049 1620 procellae

98 1644 245 1714 Brachia
266 1640 445 1733 silvarum,
464 1642 632 1739 nullisque
651 1661 786 1740 aspecta
806 1671 866 1740 per
884 1670 992 1715 aevum

98 1764 237 1835 Solibus
253 1764 403 1835 umbrosi
423 1780 563 1861 patuere
582 1766 696 1835 aestiva
713 1769 834 1861 Lycaei.
933 1816 939 1829 .

97 1884 160 1955 llle
180 1899 295 1955 tamen
314 1883 415 1954 modo
434 1909 513 1954 saxa
526 1886 617 1982 jugis
638 1885 800 1983 fugientia
820 1890 929 1983 ruptis

97 2008 264 2095 Miratur,
284 2006 385 2075 modo
402 1982 588 2101 nubigenas
604 2032 623 2077 e
641 2008 813 2078 montibus
828 2032 943 2079 amnes

99 2132 193 2199 dure
210 2152 356 2222 pavens,
374 2129 565 2222 passimque
586 2130 702 2199 insano
722 2130 857 2199 turbine
876 2144 989 2224 raptas

97 2251 279 2318 Pastorum
294 2273 523 2344 pecorumque
543 2248 671 2321 domos
691 2252 769 2321 Non
788 2252 923 2346 segnius
941 2272 1076 2337 amens,

97 2371 418 2464 Incertusqueviae,
440 2395 500 2466 per
518 2372 613 2467 nigra
632 2370 779 2457 silentis,
795 2386 928 2440 vastum
964 2369 967 2382 '

97 2491 226 2562 Haurit
241 2491 330 2561 iter:
351 2490 463 2588 pulsat
483 2506 592 2561 metus
612 2491 781 2586 undiquc,
800 2507 835 2560 ct
846 2491 993 2586 undique
1010 2489 1123 2560 frater.

98 2617 146 2685 Ac
162 2612 261 2685 velut
278 2611 420 2683 hiberno
438 2613 622 2708 deprensus
644 2615 755 2683 navita
774 2626 897 2709 ponto,

99 2737 163 2807 Cui
182 2759 295 2828 neque
311 2749 402 2804 temo
415 2737 527 2830 piger,
541 2759 649 2830 neque
666 2713 776 2818 amico
790 2735 899 2804 sidere
912 2747 1076 2802 monstrat

98 2859 198 2926 Luna
218 2855 308 2944 vias,
326 2856 435 2925 medio
454 2854 741 2952 coeli,.pclagique
756 2853 904 2926 tumultu

100 2981 173 3047 Stat
193 2977 335 3046 rationis
353 2978 451 3072 inops
472 3004 480 3044 :
497 2978 702 3072 jamjamque
720 2993 779 3048 aut
796 3002 875 3046 saxa
894 2975 1050 3072 malignis

99 3101 281 3194 Exspectat
301 3095 472 3167 submersa
490 3097 600 3184 vadis,
621 3112 679 3168 aut
695 3099 821 3169 vertice
836 3095 939 3167 acuto

100 3221 302 3313 spumantes
323 3217 477 3314 scopulos
495 3234 612 3290 erectae
629 3221 800 3292 incurrere
819 3245 944 3316 proras

145 3323 238 3408 Talis
258 3363 363 3435 opaca
380 3337 493 3436 legens
514 3365 691 3411 nemorum
710 3341 890 3411 Cadmeius
905 3342 1004 3410 heros

101 3447 290 3547 Accelerat,
311 3475 404 3530 vasto
421 3459 600 3531 metuenda
616 3463 764 3540 umbone
781 3462 927 3531 ferarum

100 3583 283 3650 Excutiens
302 3579 448 3666 stabula,
467 3597 502 3652 et
519 3607 629 3677 prono
645 3581 790 3678 virgulta
808 3581 964 3679 refringit

100 3705 239 3771 Pectore
258 3728 266 3770 τ
286 3702 343 3771 dat
358 3702 510 3772 stimulos
531 3705 646 3772 animo
665 3704 715 3772 vis
730 3719 847 3773 moesta
863 3705 1009 3788 timoris,

101 3825 218 3891 Donec
236 3823 280 3892 ab
298 3824 548 3894 Inachiisvicta
563 3823 710 3921 ealigine
729 3827 823 3893 tectis
854 3901 858 3908 ‚

101 3945 244 4013 Emicuit
265 3943 376 4013 lucem
397 3946 520 4014 devexa
541 3947 576 4015 in
596 3948 717 4015 moenia
735 3945 877 4015 fundens

102 4065 282 4138 larisseus
299 4091 392 4160 apex.
413 4065 475 4137 Illo
494 4093 552 4164 spe
571 4069 723 4138 concitus
744 4071 835 4138 omni
