2934 4950
341 380 399 438 208
659 382 873 442 Tutumuos
892 383 1005 440 mauu
1023 383 1076 438 XI.
1298 385 1334 446 (V-
1346 385 1393 447 ⁸⁵)

337 505 477 580 Vidistis
493 507 640 606 (Stygiis
658 527 750 581 certe
767 509 963 582 manifestus
981 512 1017 578 iu
1035 507 1191 602 umbris)

338 631 509 726 Sanguine
520 629 682 702 foedatum
695 633 818 720 rictus,
837 647 978 726 atroque
994 630 1187 701 madentem

338 757 408 824 Ora
429 753 549 824 ducem
569 740 676 826 tabo:
698 757 857 826 miserum
877 753 1073 826 insatiabilis
1089 753 1160 823 edit

338 875 396 944 Me
408 873 559 945 tradente
572 893 693 972 caput:
712 875 813 948 modo
834 901 955 971 nempe
972 875 1163 946 horrendus
1181 875 1223 944 ab
1240 879 1341 945 astris

338 995 520 1066 Descendit
533 1022 592 1067 vos
611 1022 717 1092 usque
732 997 847 1094 fragor
862 1025 870 1066 ι
890 1023 966 1067 mea
980 1023 1075 1068 sacra
1093 996 1266 1092 premebat

338 1118 550 1212 Tempestas,
568 1143 632 1216 ego
651 1121 756 1190 mixta
777 1120 841 1189 viri
859 1115 1037 1191 furialibus
1054 1119 1158 1188 armis

339 1241 432 1313 Bella
447 1243 574 1332 Deum,
592 1257 625 1312 et
643 1267 784 1338 magnas
802 1239 955 1312 ridebam
968 1237 1120 1310 fulminis
1140 1240 1218 1311 iras.

338 1365 404 1435 Sed
414 1367 483 1461 jam
497 1363 646 1459 (effabor
659 1363 775 1458 enim)
792 1362 894 1460 longo
911 1361 1034 1432 sudore
1045 1362 1206 1433 fatiscunt

340 1485 472 1575 Corda,
493 1511 601 1570 soror,
621 1485 790 1580 tardaeque
809 1507 950 1556 manus:
969 1483 1071 1556 hebet
1086 1483 1194 1554 infera
1210 1481 1295 1553 ooelo

338 1611 466 1696 Tarus,
484 1623 518 1678 et
535 1610 682 1680 insuetos
698 1633 825 1705 angues
839 1608 945 1679 nimia
959 1622 1049 1678 astra
1063 1622 1235 1703 soporant.

339 1735 409 1820 Tu,
431 1733 488 1801 oni
506 1745 596 1801 totus
616 1729 727 1807 adhuc
746 1729 852 1820 liuor,
871 1728 1105 1824 exsultantque
1121 1745 1268 1799 recentes

339 1853 456 1948 Cocyti
471 1852 512 1922 de
530 1852 622 1922 fonte
633 1877 756 1940 comae,
776 1851 821 1921 da
832 1851 976 1948 jungere
989 1852 1088 1920 vires.
1167 1913 1171 1920 .

339 1975 417 2043 Non
437 1971 551 2043 solitas
571 1973 679 2063 acies,
700 1999 762 2044 nec
782 1975 908 2048 Martia
926 1970 1014 2044 bella
1032 1998 1208 2070 paramus,

339 2095 406 2165 Sed
427 2095 569 2165 fratrum
589 2094 689 2192 (licet
707 2093 796 2166 alma
816 2095 914 2185 fides,
938 2097 1110 2191 pietasque
1127 2109 1328 2190 repugnent,

338 2215 565 2312 Vincentur),
585 2217 727 2288 fratrum
740 2217 925 2314 stringendi
944 2218 1098 2287 cominus
1114 2200 1220 2286 enses.
1271 2300 1273 2303 Ι

340 2339 478 2409 Grande
498 2365 583 2436 opus
604 2365 612 2411 ε
635 2341 716 2437 ipsae
733 2339 838 2428 odiis,
859 2341 937 2437 ipsae
953 2338 1162 2411 discordibus
1180 2340 1281 2408 armis

340 2463 506 2557 Aptemur
525 2488 532 2531 :
554 2460 634 2557 quid
652 2461 742 2536 lenta
760 2461 876 2533 venis?
896 2461 1039 2560 agedum
1057 2459 1158 2557 elige,
1177 2462 1272 2557 cujus

338 2586 442 2679 Signa
455 2583 562 2655 feras:
582 2584 681 2655 ambo
700 2582 835 2669 faciles,
858 2587 1050 2679 nostrique3
1068 2584 1127 2654 sed
1141 2610 1266 2680 auceps

339 2705 490 2802 Vulgus,
511 2720 546 2776 et
558 2706 678 2777 affatus
693 2707 827 2797 matris,
843 2703 1070 2800 blandamque
1086 2721 1223 2801 precatu

338 2829 529 2924 Antigonen
548 2828 664 2918 timeo,
682 2826 833 2922 paullum
850 2852 894 2899 ne
908 2842 1024 2900 nostra
1042 2826 1190 2899 retardet

340 2948 512 3021 Consilia:
535 2952 607 3045 ipse
626 2951 744 3039 etiam,
764 2951 823 3045 qui
842 2972 904 3021 nos
922 2948 1046 3021 lassare
1065 2947 1235 3044 precando

339 3076 481 3159 Suetus,
498 3088 532 3141 et
547 3071 682 3145 ultrices
698 3071 875 3143 oculorum
891 3096 1071 3167 exposcere
1088 3071 1197 3159 diras,

338 3197 413 3263 Jarn
430 3210 525 3289 pater
542 3212 592 3265 cst
611 3221 619 3264 ε
639 3210 728 3266 coetu
745 3193 852 3264 fertur
866 3194 938 3288 jam
955 3191 1047 3264 solus
1066 3193 1109 3261 ab
1126 3193 1218 3262 omni

339 3313 435 3385 Flere
452 3316 514 3385 sibi
534 3342 542 3385 :
562 3330 663 3411 atque
682 3315 769 3385 adeo
786 3341 902 3386 moror
918 3317 991 3411 ipsa
1012 3316 1201 3412 irrumpere
1217 3314 1357 3401 Thebas,

339 3442 585 3534 Assuetumque
603 3438 707 3509 larem
726 3466 734 3508 :
755 3429 814 3509 tilii
832 3452 949 3535 pareat
966 3438 1088 3533 impius
1104 3436 1219 3526 exsul,

340 3559 601 3657 Argolicumque
621 3560 757 3658 impelle
771 3561 882 3650 nefas,
903 3585 970 3631 neu
983 3562 1074 3631 ruitis
1088 3553 1251 3631 Adrastus

337 3682 535 3767 Praevaleat‚
555 3682 749 3780 plebesque,
768 3708 864 3773 cave,
884 3688 1022 3754 Iernaea
1041 3699 1201 3753 moretur.

337 3804 453 3893 Vade,
473 3821 505 3875 et
527 3807 562 3874 in
581 3805 724 3877 alternas
743 3808 878 3876 inimica
896 3820 1065 3876 revertere
1083 3828 1256 3902 pugnas.»

386 3926 482 3997 Talia
498 3929 630 4022 partitae
647 3927 816 3999 diversum
831 3928 944 3997 abiere
959 3952 1102 3999 sorones.

340 4050 387 4118 Ut
401 4050 510 4118 Notus
524 4064 557 4127 et
572 4052 710 4141 Boreas,
729 4050 863 4147 gemino
880 4049 922 4120 de
938 4049 1075 4120 cardine
1090 4047 1228 4137 mnndi,
