2934 4950
351 356 392 410 IN
414 358 445 411 P.
466 358 496 411 Ρ.
518 358 646 414 sumt
667 359 775 414 ΤΗΕΒ.
797 361 866 415 LlB.
887 362 910 417 1.
1096 366 1153 438 ²95

108 489 161 547 que
175 472 231 530 boc
248 472 340 528 modo
363 473 448 530 codd
463 472 561 545 multi,
578 474 609 528 in
622 473 730 548 quibus
746 476 894 548 meliores,
907 478 1049 552 probante
1070 480 1153 536 etiam

107 567 218 622 Handio
233 566 271 622 ad
285 566 395 635 Silvas,
409 586 438 637 1,
454 585 488 637 a,
506 567 570 623 160.

143 663 258 716 Aunesis
271 674 334 717 ane
351 660 389 733 (v.
408 660 483 738 106).
496 663 519 716 1.
534 680 560 718 e.
574 663 711 733 thessala,
724 662 849 738 magica,
869 664 905 720 ab
925 668 1043 738 Atrace,
1059 668 1150 724 Thes·
1214 659 1216 664 ¹

108 754 176 810 salise
188 773 266 831 rege.
281 754 328 811 Sic
342 756 435 812 Valer.
450 757 559 828 Flaco,
572 775 621 827 vr,
637 763 691 827 447
708 774 716 810 ε

209 872 326 936 Quamvis
339 872 438 923 Atracio
446 873 529 923 lunam
541 889 654 940 spumare
665 889 758 922 meno

206 955 292 1007 Su'ret

143 1065 293 1120 Coerntei...
311 1066 383 1120 nodi
393 1063 432 1143 (v.
451 1062 525 1139 110).
539 1067 584 1122 Ex
602 1064 744 1141 anguibus
762 1065 838 1122 nexi.
859 1065 972 1122 Ibidem
995 1068 1024 1122 in
1036 1083 1153 1142 pectora

104 1155 247 1231 quidquid
259 1167 303 1212 est
321 1157 499 1232 optimorum
512 1156 598 1214 codd.
612 1159 710 1234 Vulgo
726 1159 756 1213 in
765 1171 900 1232 pectore,
921 1159 1004 1233 quod
1016 1161 1152 1234 praefere-

103 1249 151 1306 bat
168 1248 337 1309 Wakefield.
353 1253 392 1309 ad
405 1254 536 1324 Lucret,
549 1271 603 1323 ιιι,
618 1249 684 1320 504.

140 1348 234 1420 Atque
247 1347 340 1420 sequit
358 1347 474 1402 uincula
489 1348 593 1401 laeam
614 1345 728 1400 Viribus
749 1347 787 1420 (v.
807 1341 884 1424 135).
905 1345 965 1403 Etsi
983 1347 1039 1405 boc
1059 1351 1153 1424 expli-

104 1437 159 1492 cari
170 1447 286 1511 potest,
300 1439 393 1493 multo
407 1449 503 1494 tamen
515 1437 583 1495 huic
595 1439 662 1494 loco
677 1437 893 1495 convenientius
908 1450 948 1496 est
967 1442 1048 1515 quod
1067 1443 1149 1500 inve-

103 1530 144 1584 nit
153 1529 363 1602 willeboldus,
373 1533 437 1589 Silv.
447 1533 565 1600 crit.,P.
579 1551 620 1603 tv,
633 1550 663 1606 p.
678 1529 716 1606 59
730 1551 738 1586 τ
754 1555 766 1580 α
781 1532 816 1588 Et
829 1532 932 1607 istiquis
939 1534 1055 1592 vincula
1067 1538 1086 1592 l.
1095 1538 1149 1592 V.»

140 1616 288 1679 Montibus
302 1625 399 1680 Gratis
418 1622 457 1703 (v.
479 1621 556 1703 145).
576 1627 722 1682 Marmore
744 1643 781 1680 ex
804 1626 951 1682 montibus
973 1629 1087 1686 Graeciae
1101 1649 1152 1686 ex-

104 1719 179 1790 ciso,
193 1729 226 1773 ut
239 1737 321 1774 mons
338 1719 427 1792 Libys
440 1719 471 1775 in
490 1720 686 1790 St'lv.,1v,a,
705 1737 752 1788 27.

149 1825 220 1898 Quis
232 1837 295 1881 tum
313 1826 379 1893 tibi,
394 1843 468 1882 roeve
489 1823 527 1902 (v.
545 1823 622 1903 165).
641 1824 706 1880 Scil.
730 1825 855 1882 Eteocle.
871 1827 1004 1884 Ceterum
1025 1839 1090 1882 tunc
1108 1829 1152 1884 le·-

104 1918 227 1995 gendum
242 1937 279 1974 ex
294 1928 355 1992 opt.
369 1919 465 1975 Barth.
480 1931 510 1975 et
529 1939 545 1975 a
567 1921 658 1998 Regg.

144 2028 251 2082 Tamen
265 2027 315 2082 itte
325 2027 459 2101 precanti
468 2027 553 2082 Mitis
566 2023 604 2102 (v.
622 2026 678 2103 189
692 2022 756 2106 sq.).
779 2025 930 2084 inducitur
942 2026 989 2082 hie
1003 2028 1086 2099 alter,
1101 2029 1151 2103 qui

103 2119 231 2177 defendit
247 2121 396 2177 Eteoclern
408 2120 446 2175 ab
459 2117 516 2176 illis
530 2117 778 2194 imputationibus.

140 2214 240 2289 Neque
260 2225 291 2268 tu
308 2215 412 2269 subdu
428 2214 508 2288 quod
527 2209 566 2290 (v.
582 2230 639 2268 nan
653 2212 719 2290 sq.).
737 2215 841 2289 Neque
860 2232 913 2288 per
935 2214 1076 2270 diluvium
1095 2216 1152 2272 hoc

104 2309 258 2380 praestitum
272 2318 327 2380 est,
338 2325 428 2382 quum
437 2307 590 2381 Neptunus
603 2307 686 2383 aquis
698 2308 729 2363 ln
739 2319 828 2366 terras
842 2308 955 2382 evagari
966 2308 1150 2381 permitteret.

141 2402 404 2478 Ermresqueseros
417 2419 564 2456 nemorum
577 2397 616 2478 (v.
631 2397 711 2478 230).
726 2425 739 2450 a
750 2401 862 2477 Agaues
884 2410 911 2456 et
932 2401 1051 2456 Penthei
1073 2400 1151 2456 indi-

104 2496 157 2551 cari
165 2496 303 2553 videntur
315 2496 388 2567 sata,
398 2506 427 2551 et
440 2492 544 2551 bacchi
556 2492 692 2551 adversus
701 2494 856 2550 Pentheum
870 2494 963 2565 fraus,
974 2495 1064 2568 qualis
1073 2493 1151 2568 apud

103 2590 269 2665 Euripidem
287 2589 444 2647 consuitur.
463 2611 477 2639 s
490 2590 576 2645 Wnn.

140 2688 229 2741 Arces
249 2685 409 2758 Cyclopum
423 2678 459 2756 (v.
476 2680 530 2739 251
548 2676 612 2758 sq.).
627 2682 734 2755 Argos,
750 2678 801 2735 ubi
814 2680 889 2734 muri
906 2680 1045 2756 Cyclopii.

142 2778 245 2853 Coptos
258 2774 298 2857 (v.
318 2773 397 2850 265).
411 2774 471 2835 Ubi
484 2776 517 2831 Io
534 2776 629 2849 pellex
642 2772 722 2830 Jovis
736 2774 890 2829 colebatur.

141 2887 272 2959 Nefastt's
283 2889 449 2958 Imposuere
469 2885 538 2940 locis
558 2880 596 2961 (v.
613 2882 669 2954 ²73
685 2877 751 2959 sq.).
771 2880 836 2937 scil.
855 2881 905 2937 ubi
925 2881 1041 2956 Lycaon
1055 2882 1150 2938 bomi-

104 3001 165 3037 nem
176 2990 353 3038 metaverat
365 2980 396 3035 in
411 2978 491 3035 Jovis
505 2995 568 3047 ara;
582 2975 618 3033 cl.
632 2979 772 3046 Psussn„
786 2993 858 3043 vru,
878 2992 905 3029 n.

142 3089 267 3145 Getico...
281 3086 334 3143 sub
346 3087 450 3141 Hoemo
467 3084 507 3161 (v.
524 3080 602 3159 275).
618 3085 691 3141 Cum
704 3080 853 3139 Diomedis
866 3079 982 3137 Thracis
998 3080 1088 3153 equis.

144 3196 259 3262 (ἐικυῖα,
281 3193 384 3259 dabui,
399 3208 565 3265 qumquam
585 3206 708 3264 aspera,
725 3199 817 3244 motus
833 3183 872 3265 (v.
895 3184 973 3263 adl).
991 3186 1057 3242 llaec
1078 3184 1116 3241 ita
1134 3204 1149 3239 a

106 3288 189 3345 Statio
210 3287 300 3345 scribi
317 3304 379 3343 non
398 3294 561 3359 potnerunt
584 3282 677 3341 codd
703 3300 784 3357 paene
807 3300 905 3338 omnes
926 3300 933 3334 ε
957 3289 1050 3346 motu‚·
1073 3278 1150 3339 unde

106 3382 291 3453 probabiliter
303 3379 437 3437 barthius
450 3398 458 3433 :
473 3400 486 3429 a
493 3378 576 3454 gravi
587 3376 684 3448 dictis,
695 3395 723 3452 q.
739 3394 812 3449 usp,
826 3386 902 3430 motu
911 3371 1050 3429 Reddidit
1062 3370 1149 3427 hec.»

143 3490 338 3561 Ausummqae
355 3485 470 3541 Dionen
491 3484 528 3560 (v.
554 3479 633 3560 288).
656 3478 798 3538 «Veneris
824 3490 941 3535 matrem
962 3476 1031 3557 (sive
1054 3476 1150 3549 potius

108 3580 191 3653 ipsam
203 3580 361 3657 Venerem)
371 3578 443 3638 dicit
455 3577 605 3635 sollicitant
617 3577 745 3632 futuram
757 3584 878 3649 propter
892 3569 1081 3640 Hamronien‚
1092 3571 1150 3624 Ve-

108 3673 176 3729 neris
192 3684 222 3731 et
234 3671 337 3729 Martis
355 3670 462 3732 filiam.
478 3670 578 3729 Cadmi
590 3686 720 3725 uxorem.
737 3690 749 3717 r
764 3667 850 3722 Lscr.

146 3786 218 3854 lege
226 3780 316 3835 Erebi
326 3776 364 3856 (v.
381 3774 461 3855 298).
475 3776 550 3851 Quia
564 3776 658 3833 adhuc
673 3774 782 3839 inultus
796 3782 874 3843 erat,
888 3782 921 3827 ut
938 3769 1016 3844 apud
1029 3770 1149 3835 Lucan,

110 3890 134 3936 1,
157 3892 185 3929 ιι
204 3892 211 3927 :

209 4050 217 4065 .
231 4052 238 4064 .
253 4051 260 4064 .
276 4052 282 4064 .
298 3983 435 4079 Umbrarpte
449 4022 539 4063 erraret
553 4015 648 4063 Crassus
659 4010 744 4059 inulta.
