2934 4950
661 212 680 259 h

336 418 355 474 a
637 416 849 474 renuamus
870 415 980 470 cuna
999 413 1050 468 ιν.
1258 415 1362 476 {aaa}

338 543 470 614 Scilicet
487 543 573 639 (heu
588 541 725 637 Superi)
740 567 844 636 quum
860 557 897 610 tu
916 537 1051 610 eludare
1066 540 1185 608 minaci

337 664 488 750 Casside,
504 664 711 757 ferratusque
728 687 841 750 sones,
859 687 922 756 ego
940 661 1051 729 divitis
1068 683 1186 728 aurum

337 784 526 855 Harmoniae
537 783 648 854 dotale
662 782 798 878 geram?
815 783 907 852 dabit
923 782 1033 875 aptior
1052 782 1113 848 ista

336 908 418 974 Fors
435 907 546 990 Deus,
561 903 797 1001 Argolicasque
814 904 931 972 habitu
949 901 1111 995 praestaho
1128 900 1282 980 maritas,

336 1026 451 1113 Quum
466 1026 554 1120 regis
571 1026 716 1119 conjux,
736 1049 840 1118 quum
856 1039 889 1092 te
908 1023 991 1098 mihi
1010 1021 1151 1115 sospite,
1170 1019 1292 1114 templa

335 1147 467 1215 votivis
485 1144 654 1243 implenda
670 1145 781 1214 choris
799 1171 806 1214 :
823 1167 912 1212 nunc
930 1143 1048 1212 induat
1067 1140 1137 1231 illa,

336 1266 421 1354 Quae
437 1268 537 1361 petit,
552 1284 586 1336 et
601 1267 745 1338 bellante
762 1282 872 1362 potest
886 1267 1032 1363 gaudere
1048 1267 1178 1335 marito.
1192 1297 1209 1330 n

386 1389 441 1457 Sic
459 1387 661 1484 Eriphylaeos
677 1412 797 1458 aurum
815 1387 914 1458 fatale
930 1401 1065 1484 penates

336 1510 480 1603 Irrupit,
498 1507 726 1604 scelerumque
746 1512 893 1606 iugentia
915 1511 1040 1578 semina
1057 1509 1180 1595 movit,

336 1629 382 1698 Et
398 1653 497 1723 grave
514 1631 696 1726 Tisiphone
712 1631 786 1701 risit
805 1633 917 1728 gavisa
934 1632 1065 1702 futuris.
1108 1695 1113 1706 .

383 1750 547 1819 Taenareis
564 1751 619 1819 hic
635 1751 742 1822 celsus
758 1753 870 1846 equis,
887 1778 988 1848 quam
1004 1750 1135 1847 dispare
1152 1764 1239 1820 ooetu

336 1868 503 1962 Cyllarus,
524 1871 641 1965 ignaro
658 1889 832 1968 generarat
848 1878 987 1945 Castore
1004 1871 1147 1968 prolem,

336 1992 483 2081 Quassat
501 1992 664 2062 humum:
679 2011 788 2064 vatem
802 1993 894 2064 cultu
910 1996 1082 2065 Parnassia
1099 2007 1286 2063 monstrant

336 2109 483 2199 Vellera,
504 2112 671 2184 frondenti
684 2115 826 2184 crinitur
841 2118 940 2188 cassis
954 2113 1056 2205 oliva,

336 2231 486 2328 Albaque
506 2237 664 2330 puniceas
679 2235 870 2332 interplicat
887 2235 991 2306 infula
1007 2237 1136 2306 cristas:

337 2359 438 2426 Arma
455 2353 567 2443 simul,
587 2381 790 2452 prensatque
803 2359 886 2454 jugo
902 2356 1092 2427 moderatur
1109 2355 1263 2428 habenas.

336 2476 425 2546 Hinc
437 2490 537 2571 atque
553 2477 631 2547 inde
648 2504 750 2550 morae
762 2479 899 2575 jaculis,
915 2496 949 2549 et
965 2480 1071 2550 ferrea
1088 2504 1189 2549 curru

338 2597 428 2671 Silva
441 2601 578 2671 tremit:
597 2601 715 2695 procul
736 2604 806 2699 ipse
822 2603 915 2699 gravi
933 2600 1131 2673 metuendus
1147 2603 1183 2671 iu
1197 2602 1295 2671 hasta

336 2722 485 2810 Eminet,
504 2737 538 2792 et
554 2720 670 2818 clypeo
683 2725 810 2793 victum
828 2724 980 2818 Pythona
998 2738 1161 2793 coruscat.

383 2849 493 2942 Hujus
504 2842 686 2941 Apollineae
701 2868 840 2917 currum
858 2847 1061 2917 comitantur
1079 2843 1236 2940 Amyclae,

336 2971 432 3060 Quos
447 2968 564 3066 Pylos,
581 2986 614 3040 et
632 2970 742 3043 dubiis
758 2966 869 3041 Malea
885 2969 988 3037 vitata
1004 2965 1142 3053 carinis,

338 3088 578 3187 plaudentique
596 3090 725 3163 habiles
741 3094 857 3187 Caryae
875 3115 1032 3161 resonare
1048 3090 1183 3175 Dianae,

336 3212 433 3301 Quos
450 3215 584 3297 Pharis,
601 3210 844 3308 volucrumque
860 3238 981 3310 parens
1000 3213 1177 3307 Cythereia
1196 3211 1317 3298 Messe,

335 3336 539 3430 Taygetique
556 3332 717 3430 phalanx,
738 3348 774 3405 e't
787 3331 928 3405 oliviferi
946 3338 1080 3405 Eurotae

335 3458 430 3525 Dura
450 3480 568 3525 manus
583 3483 591 3524 :
607 3459 702 3526 Deus
717 3457 787 3552 ipse
801 3458 892 3526 viros
911 3458 946 3525 in
963 3456 1101 3552 pulvere
1117 3455 1223 3526 crudo

334 3579 438 3648 arcas
453 3575 533 3667 alit,
548 3577 713 3671 nudaque
728 3578 848 3648 modos
865 3578 1014 3665 virtutiS,
1032 3593 1066 3648 et
1083 3578 1148 3647 iras

334 3698 513 3793 lngenerat
534 3724 542 3768 :
559 3698 658 3794 vigor
674 3698 754 3771 inde
769 3700 907 3787 animis,
926 3714 958 3769 et
976 3702 1092 3769 mortis
1107 3699 1245 3769 honorae

334 3818 442 3890 Dulce
460 3842 592 3891 sacrum
607 3847 615 3889 :
632 3821 778 3916 gaudent
794 3836 949 3891 natorum
968 3820 1033 3890 fata
1053 3836 1225 3916 parentes,

334 3941 589 4037 Hortanturque
603 3942 690 4013 mori
705 3968 715 4010 τ
728 3941 827 4011 deflet
845 3943 981 4036 jamque
997 3942 1106 4011 omnis
1121 3942 1288 4037 ephebum

332 4062 466 4149 Turha;
484 4080 645 4134 coronato
661 4080 818 4133 contenta
837 4079 885 4132 est
902 4062 1017 4132 sunere
1033 4078 1150 4132 mater.
