2934 4950
312 443 314 450 ¹
340 435 405 494 ¹270
645 411 905 469 ACHILLEIDOS
927 409 1041 466 uultu
1064 411 1089 465 l.

347 541 554 634 Peliacisque
567 538 680 635 jugis?
697 541 763 608 osi
779 536 862 606 mihi
877 538 1020 632 jungere
1035 558 1151 620 curas,

348 668 458 758 Atque
473 661 574 732 alium
595 675 729 756 portare
745 661 821 729 sinu
838 659 1013 754 contingat
1031 650 1216 727 Achillem!
1242 685 1260 718 a

349 781 538 870 Mulcetur,
554 781 733 877 laetumque
752 780 869 868 rubet,
885 779 1042 873 visusque
1060 775 1223 871 superbos

349 904 530 999 Obliquat,
550 919 722 997 vestesque
738 927 839 972 manu
856 901 982 972 leviore
1003 897 1146 994 repellit.
1201 876 1207 885 ι

348 1024 501 1122 Adspicit
517 1026 713 1121 ambiguum
732 1024 896 1120 genitrix,
914 1023 1075 1118 cogitque
1089 1018 1280 1107 volentem,

348 1146 535 1242 Injecitque
558 1149 650 1217 sinus
668 1172 677 1215 z
698 1161 780 1216 tunc
795 1143 881 1214 colla
897 1145 1040 1240 rigentis
1057 1141 1188 1228 mollit,

349 1269 588 1362 submittitque
606 1291 722 1363 graves
742 1267 918 1355 humeros,
934 1281 968 1336 et
989 1264 1088 1335 fortia
1104 1263 1195 1334 laxat

349 1391 509 1478 Brachia,
528 1403 563 1458 et
583 1392 734 1484 impexos
745 1402 842 1458 certo
855 1386 970 1460 domat
984 1385 1102 1459 ordine
1118 1386 1248 1472 crinas,

350 1517 400 1581 Ac
418 1536 478 1580 sua
497 1509 618 1580 dilecta
636 1510 765 1580 ceruice
784 1506 925 1578 monilia
941 1498 1117 1594 namtas,

349 1637 393 1704 Et
410 1635 577 1728 picturato
597 1632 731 1705 cohibet
751 1633 890 1727 vestigia
912 1629 1030 1702 limbo.

350 1758 538 1845 lncessum,
557 1771 754 1849 motumque
770 1753 890 1840 docet,
906 1751 1066 1847 fandique
1085 1751 1259 1853 pudorem.

279 1899 282 1907 ⁴
350 1875 507 1965 Qualiter
520 1876 656 1947 artificis
670 1879 809 1946 victuro
821 1860 944 1970 pollice
956 1899 1042 1946 cerae

349 1999 533 2093 Accipiunt
544 1997 684 2088 formas,
702 1999 901 2093 ignemque,
919 2021 1125 2094 manumque
1140 2013 1340 2092 sequuntur,

349 2117 439 2190 Talis
458 2135 530 2206 erat
549 2119 634 2190 dive
650 2135 770 2192 natum
785 2120 945 2192 mutantis
966 2121 1088 2214 imago.

350 2245 423 2313 Nee
440 2226 566 2328 luctata
582 2244 643 2314 diu
659 2270 667 2313 :
684 2257 837 2339 superest
852 2267 930 2314 snm
951 2240 1121 2338 plurimus
1136 2241 1184 2314 illi

331 2459 334 2466 ,
350 2369 478 2438 Invicta
497 2371 627 2451 virtute
643 2367 756 2456 decor,
766 2428 769 2432 a
779 2364 930 2461 fallitque
949 2380 1080 2438 tuentes

350 2493 556 2588 Ambiguus,
573 2492 734 2588 munique
751 2488 857 2591 latens
871 2488 1064 2561 discrimine
1082 2512 1192 2561 sexus

400 2613 608 2701 Procedunt,
624 2615 812 2707 iterumque
830 2626 960 2699 monet,
975 2636 1178 2707 nasumque
1191 2612 1312 2710 fatigat

352 2734 481 2805 Blanda
496 2735 613 2805 Thetis
630 2761 669 2805 :a
686 2734 742 2807 sio
758 2759 839 2829 ergo
854 2733 996 2829 gradem
1008 2735 1057 2804 sic
1073 2757 1152 2821 ora,
1168 2757 1370 2829 manusque,

313 2870 317 2880 “
351 2859 454 2946 Nate,
471 2855 574 2946 feres,
593 2857 799 2951 comitesque.
814 2854 927 2929 modis
938 2854 1110 2944 imitabere
1129 2855 1241 2945 ficus3

351 2981 405 3051 Ne
423 2994 456 3049 te
474 2994 666 3075 suspectum
680 2967 777 3050 molli
794 3003 862 3049 non
883 2980 1020 3049 misceat
1037 2974 1123 3048 aulae

352 3105 488 3190 Rector,
504 3116 537 3171 et
555 3102 682 3197 incepti
696 3115 835 3195 pereant
855 3098 1027 3172 nremlacia
1044 3099 1136 3171 lurti.
1153 3130 1171 3165 n

279 3240 303 3324 ἢ·
351 3223 465 3311 Dixit,
484 3237 519 3323 et
538 3222 673 3303 admoto
691 3248 759 3326 noo
777 3238 885 3305 cusat
901 3223 1035 3297 comas
1052 3237 1155 3295 tacta.

352 3346 407 3414 Sic
424 3344 481 3414 ubi
497 3345 656 3440 virgineis
670 3348 801 3423 Hecate
810 3344 930 3417 lassata
947 3346 1117 3441 pharetris·
1232 3351 1235 3354 ’

351 3464 404 3536 Ad
423 3480 554 3561 patrem
571 3445 775 3562 fratremque
789 3468 893 3557 redit,
910 3492 1024 3539 eunes
1043 3468 1148 3537 barret
1163 3471 1262 3538 eunti

352 3590 474 3675 Mater,
488 3603 522 3657 et
539 3590 617 3686 ipsa.
630 3590 791 3665 humeros
809 3604 990 3690 exertaque
1004 3590 1143 3660 brachia
1159 3589 1275 3680 relat3

352 3712 428 3803 Ipsa
445 3734 561 3779 mcum
580 3710 839 3807 pharetramque
858 3694 967 3801 locat,
987 3726 1162 3807 vestesque
1176 3710 1321 3784 latentes

353 3830 518 3921 Deducit,
536 3858 734 3930 sparsosque
749 3833 863 3907 studet
880 3825 1084 3930 componere
1104 3836 1225 3905 crines.

404 3956 564 4027 Protinus
585 3955 781 4053 aggreditur
797 3982 909 4053 regem
928 3972 1050 4051 :atqm
1071 3957 1135 4045 ibi,
1152 3959 1297 4029 testibus
1314 3960 1392 4042 aris,

354 4106 370 4140 a
390 4080 485 4148 Hanc
504 4078 582 4169 tibi,
602 4080 669 4171 ait,
691 4081 797 4151 nostri
818 4104 1026 4175 gamanam,
1044 4095 1165 4167 rector,
1181 4079 1323 4151 Achillis
