2934 4950
352 412 405 470 art
634 406 639 414 ’
704 403 735 455 P.
758 399 883 454 PUBLII
905 397 1026 452 STATII
1294 399 1327 464 (v.
1347 405 1416 469 51.)

348 527 548 618 Quaen'mua.
568 529 619 594 En
636 537 768 619 egomet
784 547 957 610 somnum,
974 536 1006 589 et
1020 520 1150 616 geniale
1166 535 1298 592 secutus

345 653 464 734 Litus,
482 634 540 715 ubi
562 635 713 716 Ausonio
733 670 769 714 se
786 642 936 713 condidit
954 643 1085 736 hospita
1103 658 1204 737 portu

346 768 577 861 Parthenope,
594 781 711 835 tenues
727 766 848 861 ignavo
865 762 985 859 pollice
999 763 1141 834 chordas

347 888 468 977 Pulso,
486 889 705 980 Maroneique
722 885 840 955 sedens
858 886 892 953 in
908 885 1057 979 margine
1073 883 1189 979 templi

349 1013 452 1080 Sumo
470 1010 639 1097 animum,
657 1021 691 1076 et
708 1007 822 1102 magni
841 1003 978 1074 tumulis
995 1004 1136 1074 adcanto
1152 1008 1312 1101 magistri.

394 1134 470 1201 «At
488 1144 546 1217 tu,
563 1132 591 1198 si
610 1127 700 1223 longi
718 1149 853 1198 cursum
873 1125 966 1194 dabit
987 1127 1133 1220 Atropos
1153 1128 1234 1214 aevi,

348 1255 481 1347 Detque
499 1273 632 1344 precor,
650 1250 804 1343 Latiique
821 1247 915 1317 ducis
934 1247 961 1316 si
978 1248 1117 1315 numina
1135 1259 1295 1342 pergent,

346 1375 458 1464 Quem
478 1371 537 1440 tibi
557 1370 747 1466 posthabito
762 1368 910 1438 studium
927 1381 978 1436 est
995 1365 1135 1437 coluisse
1151 1369 1324 1454 Tonante,

348 1494 483 1586 Quique
503 1505 578 1560 tuos
596 1490 662 1559 alio
681 1491 825 1560 subtexit
845 1513 984 1558 munere
1002 1479 1121 1572 fasces,

344 1617 389 1683 Et
405 1615 510 1709 spatia
530 1615 675 1706 antiquae
692 1611 830 1680 mandat
849 1633 1011 1679 renovare
1029 1610 1175 1697 Latinae,
1235 1583 1239 1594 ⁴

346 1735 499 1802 Forsitan
517 1733 682 1802 Ausonias
699 1732 762 1799 ibis
780 1729 911 1799 frenare
927 1727 1097 1812 cohortes,

345 1857 415 1926 Ant
432 1854 541 1924 Rheni
559 1850 722 1948 populos,
741 1864 798 1920 aut
817 1851 921 1945 nigrae
940 1849 1038 1918 litora
1054 1849 1198 1937 Thules,

346 1979 416 2044 Ant
432 1976 556 2043 Istrum
575 1995 707 2042 servare
724 1969 832 2058 latus,
852 1971 1096 2065 metuendaque
1114 1985 1218 2066 portae

346 2095 479 2165 Limina
494 2094 661 2188 Caspiacae
680 2119 689 2162 t
711 2117 773 2162 nec
790 2093 879 2160 enim
900 2092 961 2160 tibi
979 2090 1049 2160 sola
1064 2094 1208 2185 potentis

345 2215 480 2310 Eloqnii
495 2215 621 2303 virtus,
639 2229 718 2283 sunt
734 2214 885 2282 membra
903 2211 1118 2282 accommoda
1134 2211 1249 2300 bellis,

343 2339 482 2431 Quique
501 2359 636 2431 gravem
655 2335 743 2404 tardi
761 2334 900 2403 subeant
917 2335 1053 2403 thoraca
1073 2332 1196 2403 lacerti.

348 2461 414 2529 Seu
431 2482 550 2553 campo
569 2457 669 2553 pedes
689 2458 737 2527 ire
757 2478 874 2552 paras,
892 2469 942 2525 est
961 2456 1093 2551 agmina
1114 2480 1213 2551 supra

348 2580 536 2649 Nutaturus
553 2602 657 2673 apex;
678 2602 736 2647 seu
754 2577 848 2647 frena
865 2577 1018 2646 sonantia
1036 2576 1166 2664 flectes,

347 2702 477 2769 Serviet
492 2725 588 2794 asper
601 2724 717 2793 equus.
739 2701 810 2771 Nos
829 2698 913 2768 facta
930 2696 1038 2765 aliena
1054 2696 1222 2787 canendo,

347 2802 528 2916 Vergimur
547 2821 581 2887 in
600 2822 755 2889 senium:
774 2819 917 2913 propriis
936 2832 973 2886 tu
991 2816 1130 2913 pulcher
1147 2821 1182 2889 in
1200 2821 1302 2889 armis

347 2946 426 3038 Ipse
440 2939 590 3011 canenda
608 2964 719 3036 geres,
734 2940 916 3033 patriaeque
935 2938 1086 3034 exempla
1105 2938 1246 3035 parabis.

348 3066 475 3157 Magna
495 3076 609 3155 pater,
629 3059 816 3154 dignosque
834 3061 1017 3130 etiamnum
1037 3058 1174 3156 belliger
1193 3074 1286 3131 actus

349 3183 460 3252 Poscit
480 3206 581 3266 avus,
601 3193 798 3275 praestatque
817 3179 909 3250 domi
927 3183 1057 3251 novisse
1078 3182 1274 3277 triumphos.

352 3308 459 3399 Surge
476 3301 638 3397 agedum,
651 3302 876 3397 juvenemque
892 3326 976 3397 puer
993 3302 1162 3397 deprende
1180 3317 1379 3399 parentem,

353 3428 534 3495 Stemmate
550 3438 702 3492 materno
718 3421 817 3511 felix,
836 3425 961 3493 virtute
980 3438 1128 3519 paterna.

351 3548 425 3613 Jam
444 3557 477 3613 te
496 3542 618 3613 blanda
636 3545 712 3613 sinu
730 3546 833 3639 Tyrio
851 3544 914 3614 sibi
930 3546 1032 3614 Curia
1051 3543 1126 3614 felix

352 3664 500 3753 Educet,
522 3679 555 3733 et
571 3678 708 3734 cunctas
726 3665 851 3761 gaudet
869 3664 1034 3759 spondere
1054 3660 1224 3734 curules.»

400 3788 479 3854 Ilaec
496 3808 558 3881 ego
577 3783 776 3857 Chalcidicis
796 3786 838 3855 ad
857 3800 908 3875 te,
929 3784 1105 3874 Marcelle,
1124 3786 1284 3856 sonabam

353 3908 541 3996 Litoribus,
559 3908 679 3977 fractas
697 3908 755 3977 ubi
775 3908 916 3977 Vesbius
933 3908 1031 4003 erigit
1050 3908 1133 3993 iras,

353 4027 484 4098 AEmula
500 4030 680 4098 Trinacriis
696 4028 833 4098 volvens
851 4027 1169 4099 incendia-flammis.
