2934 4950
594 1173 774 1242 CAPILLI
800 1171 954 1242 FLavu
979 1169 1148 1239 EARINI.

405 1781 484 1864 lar,
500 1797 621 1860 comae,
633 1770 844 1866 facilemque,
856 1796 990 1865 precor,
1008 1772 1224 1841 transcurrite
1240 1787 1425 1865 pontum:

358 1902 424 1980 Ite,
443 1908 602 1965 coronato
619 1893 813 1962 recubantes
832 1891 977 1961 molliter
996 1918 1080 1962 auro
1099 1920 1107 1961 ι

358 2023 426 2107 Ite,
445 2016 540 2085 dabit
556 2037 672 2084 cursus
690 2014 781 2082 mitis
801 2013 965 2109 Cytherea
981 2013 1158 2103 secundos,

358 2139 572 2230 Placabitque
591 2136 698 2206 Notos
718 2162 726 2203 :
747 2135 814 2204 fors
831 2149 865 2203 et
883 2135 924 2203 de
942 2160 1054 2233 puppe
1073 2137 1218 2206 timenda

358 2259 568 2347 Transferet,
587 2259 688 2351 inque
706 2281 765 2325 sua
784 2255 884 2325 ducet
902 2281 1002 2350 super
1020 2282 1152 2351 aequora
1170 2258 1307 2327 concha.

410 2382 531 2476 Accipe
550 2378 722 2467 laudatos,
740 2379 872 2474 juvenis
890 2377 1063 2463 Phoebeie,
1084 2381 1190 2448 crines

359 2511 455 2597 Quos
474 2503 535 2572 tibi
554 2504 723 2572 Caesareus
741 2499 844 2569 donat
862 2525 946 2595 puer
965 2528 972 2568 :
992 2503 1101 2595 accipe
1120 2501 1231 2587 letus,

360 2631 564 2719 Intonsoque
582 2621 718 2692 ostende
737 2624 823 2715 patri
843 2648 850 2690 :
871 2622 941 2691 sine
959 2620 1055 2691 dulce
1073 2624 1213 2715 nitentes

361 2751 558 2841 Comparet,
577 2760 676 2838 atque
694 2742 753 2812 diu
770 2742 881 2812 fratris
899 2756 996 2836 putet
1013 2766 1082 2810 esse
1099 2744 1199 2837 Lyaei.

360 2873 487 2938 Forsan
505 2881 538 2936 et
556 2868 627 2962 ipse
643 2888 746 2934 comae
765 2888 934 2958 nunquam
954 2861 1094 2932 labentis
1113 2865 1274 2934 honorem

362 2988 531 3073 Proferet,
549 3002 649 3081 atque
667 2985 733 3055 alio
751 2984 898 3054 clausum
917 2984 977 3053 tibi
997 3000 1098 3079 ponet
1116 2987 1150 3054 in
1168 3011 1261 3055 auro.

410 3113 590 3205 Pergame,
611 3105 749 3219 pinifera
767 3102 910 3173 multum
929 3104 1055 3174 felicior
1072 3103 1149 3175 Ida!

362 3230 423 3300 Illa
440 3229 517 3299 licet
535 3251 634 3297 sacrae
652 3223 778 3319 placeat
796 3227 858 3294 sibi
877 3225 975 3295 laude
993 3229 1137 3322 rapinae3

363 3353 518 3447 (Nempe
535 3347 627 3417 dedit
644 3348 780 3443 Superis
799 3346 912 3436 illum,
930 3373 1029 3443 quem
1048 3348 1182 3419 turbida
1200 3374 1330 3446 semper

364 3476 452 3542 Juuo
470 3469 579 3555 videt,
599 3468 785 3563 refugitque
805 3493 960 3556 manum,
980 3486 1156 3566 nectarque
1174 3470 1327 3565 recusat)

364 3597 409 3664 At
429 3605 464 3660 tu
484 3600 579 3686 grata
595 3588 696 3677 Deis,
714 3589 919 3685 pulchroque
938 3592 1074 3687 insignis
1092 3591 1247 3678 alumno,

362 3714 487 3783 Misisti
505 3714 619 3800 Latio,
639 3710 767 3806 placida
785 3736 884 3807 quem
901 3712 1010 3781 fronte
1028 3714 1219 3783 ministrum

364 3825 517 3928 Juppiter
535 3834 701 3904 Ausonius
719 3834 862 3927 pariter,
881 3838 1096 3927 Romanaque
1114 3837 1132 3903 J
1135 3860 1201 3904 uno

363 3956 554 4051 aspiciunt,
573 3970 607 4023 et
625 3938 765 4049 uterque
784 3955 937 4049 probant.
957 3954 1028 4024 Nec
1048 3970 1140 4024 tanta
1159 3960 1288 4049 potenti

365 4080 541 4147 Terrarum
561 4076 696 4146 domino
716 4078 840 4145 Divum
860 4078 928 4145 sine
949 4089 1057 4145 mente
1079 4075 1239 4172 voluptas.
