<?xml version="1.0" encoding="UTF-8"?>
<!DOCTYPE html PUBLIC "-//W3C//DTD XHTML 1.0 Transitional//EN"
    "http://www.w3.org/TR/xhtml1/DTD/xhtml1-transitional.dtd">
<html xmlns="http://www.w3.org/1999/xhtml" xml:lang="en" lang="en">
 <head>
  <title>
</title>
<meta http-equiv="Content-Type" content="text/html;charset=utf-8" />
  <meta name='ocr-system' content='tesseract 3.04.00' />
  <meta name='ocr-capabilities' content='ocr_page ocr_carea ocr_par ocr_line ocrx_word'/>
</head>
<body>
  <div class='ocr_page' id='page_1' title='image "./operaquaeextant01dbgoog_0204.png"; bbox 0 0 2934 4950; ppageno 0'>
   <div class='ocr_carea' id='block_1_1' title="bbox 99 413 1144 478">
    <p class='ocr_par' dir='ltr' id='par_1_1' title="bbox 99 413 1144 478">
     <span class='ocr_line' id='line_1_1' title="bbox 99 413 1144 478; baseline 0 -3"><span class='ocrx_word' id='word_1_1' title='bbox 99 413 205 478; x_wconf 52' lang='lat' dir='ltr'><strong>(wil</strong></span> <span class='ocrx_word' id='word_1_2' title='bbox 426 417 640 476; x_wconf 74' lang='lat' dir='ltr'><strong>meamus</strong></span> <span class='ocrx_word' id='word_1_3' title='bbox 660 421 771 478; x_wconf 81' lang='lat' dir='ltr'>LIBER</span> <span class='ocrx_word' id='word_1_4' title='bbox 792 421 814 476; x_wconf 93' lang='lat'><strong>1.</strong></span> <span class='ocrx_word' id='word_1_5' title='bbox 1091 419 1144 476; x_wconf 78' lang='lat'><strong>183</strong></span> 
     </span>
    </p>
   </div>
   <div class='ocr_carea' id='block_1_2' title="bbox 96 544 1124 4164">
    <p class='ocr_par' dir='ltr' id='par_1_2' title="bbox 96 544 1124 3194">
     <span class='ocr_line' id='line_1_2' title="bbox 99 544 1037 643; baseline 0.001 -30"><span class='ocrx_word' id='word_1_6' title='bbox 99 547 269 614; x_wconf 78' lang='lat' dir='ltr'><strong>Exsertare</strong></span> <span class='ocrx_word' id='word_1_7' title='bbox 290 544 469 632; x_wconf 81' lang='lat' dir='ltr'>humeros,</span> <span class='ocrx_word' id='word_1_8' title='bbox 489 545 684 640; x_wconf 83' lang='lat' dir='ltr'><strong>nudamque</strong></span> <span class='ocrx_word' id='word_1_9' title='bbox 701 545 860 616; x_wconf 82' lang='lat' dir='ltr'><strong>lacessere</strong></span> <span class='ocrx_word' id='word_1_10' title='bbox 878 571 1037 643; x_wconf 86' lang='lat' dir='ltr'><strong>pugnam.</strong></span> 
     </span>
     <span class='ocr_line' id='line_1_3' title="bbox 99 662 1009 763; baseline 0.002 -29"><span class='ocrx_word' id='word_1_11' title='bbox 99 663 220 735; x_wconf 81' lang='lat' dir='ltr'>Celsior</span> <span class='ocrx_word' id='word_1_12' title='bbox 238 662 296 734; x_wconf 95' lang='lat' dir='ltr'><strong>ille</strong></span> <span class='ocrx_word' id='word_1_13' title='bbox 312 667 420 763; x_wconf 88' lang='lat' dir='ltr'><strong>gradu</strong></span> <span class='ocrx_word' id='word_1_14' title='bbox 438 692 580 763; x_wconf 79' lang='lat' dir='ltr'><strong>procera</strong></span> <span class='ocrx_word' id='word_1_15' title='bbox 600 670 635 737; x_wconf 91' lang='lat' dir='ltr'><strong>in</strong></span> <span class='ocrx_word' id='word_1_16' title='bbox 654 668 822 754; x_wconf 83' lang='lat' dir='ltr'><strong>membra,</strong></span> <span class='ocrx_word' id='word_1_17' title='bbox 843 665 1009 760; x_wconf 87' lang='lat' dir='ltr'><strong>simulque</strong></span> 
     </span>
     <span class='ocr_line' id='line_1_4' title="bbox 98 788 1007 890; baseline 0.002 -34"><span class='ocrx_word' id='word_1_18' title='bbox 98 789 227 883; x_wconf 80' lang='lat' dir='ltr'><strong>Integer</strong></span> <span class='ocrx_word' id='word_1_19' title='bbox 241 802 430 879; x_wconf 81' lang='lat' dir='ltr'><strong>annorum,</strong></span> <span class='ocrx_word' id='word_1_20' title='bbox 446 788 510 859; x_wconf 84' lang='lat' dir='ltr'><strong>sed</strong></span> <span class='ocrx_word' id='word_1_21' title='bbox 529 813 600 860; x_wconf 94' lang='lat' dir='ltr'><strong>non</strong></span> <span class='ocrx_word' id='word_1_22' title='bbox 618 805 653 860; x_wconf 86' lang='lat' dir='ltr'><strong>et</strong></span> <span class='ocrx_word' id='word_1_23' title='bbox 673 791 802 890; x_wconf 82' lang='lat' dir='ltr'><strong>viribus</strong></span> <span class='ocrx_word' id='word_1_24' title='bbox 821 789 911 860; x_wconf 83' lang='lat' dir='ltr'><strong>infra</strong></span> <span class='ocrx_word' id='word_1_25' title='bbox 1004 850 1007 858; x_wconf 86' lang='lat'><em>.</em></span> 
     </span>
     <span class='ocr_line' id='line_1_5' title="bbox 97 908 1017 1007; baseline 0.002 -31"><span class='ocrx_word' id='word_1_26' title='bbox 97 908 204 1002; x_wconf 80' lang='lat' dir='ltr'><strong>Tydea</strong></span> <span class='ocrx_word' id='word_1_27' title='bbox 216 908 287 1006; x_wconf 17' lang='lat' dir='ltr'><strong>*fert</strong></span> <span class='ocrx_word' id='word_1_28' title='bbox 306 912 457 1001; x_wconf 90' lang='lat' dir='ltr'><strong>animus,</strong></span> <span class='ocrx_word' id='word_1_29' title='bbox 479 912 759 1005; x_wconf 79' lang='lat' dir='ltr'><strong>totosque-infusa</strong></span> <span class='ocrx_word' id='word_1_30' title='bbox 777 937 838 1007; x_wconf 88' lang='lat' dir='ltr'><strong>per</strong></span> <span class='ocrx_word' id='word_1_31' title='bbox 853 927 945 981; x_wconf 87' lang='lat' dir='ltr'><strong>artus</strong></span> <span class='ocrx_word' id='word_1_32' title='bbox 1015 973 1017 978; x_wconf 89' lang='lat'><em>.</em></span> 
     </span>
     <span class='ocr_line' id='line_1_6' title="bbox 96 1030 873 1128; baseline 0.005 -30"><span class='ocrx_word' id='word_1_33' title='bbox 96 1030 203 1125; x_wconf 78' lang='lat' dir='ltr'><strong>Major</strong></span> <span class='ocrx_word' id='word_1_34' title='bbox 220 1032 256 1100; x_wconf 92' lang='lat' dir='ltr'><strong>in</strong></span> <span class='ocrx_word' id='word_1_35' title='bbox 275 1032 739 1128; x_wconf 80' lang='lat' dir='ltr'><strong>exiguoregnabat-corpore</strong></span> <span class='ocrx_word' id='word_1_36' title='bbox 757 1032 873 1102; x_wconf 89' lang='lat' dir='ltr'><strong>virtus.</strong></span> 
     </span>
     <span class='ocr_line' id='line_1_7' title="bbox 96 1154 987 1250; baseline 0.004 -30"><span class='ocrx_word' id='word_1_37' title='bbox 96 1155 164 1221; x_wconf 82' lang='lat' dir='ltr'><strong>lam</strong></span> <span class='ocrx_word' id='word_1_38' title='bbox 179 1154 316 1223; x_wconf 88' lang='lat' dir='ltr'><strong>crebros</strong></span> <span class='ocrx_word' id='word_1_39' title='bbox 332 1155 422 1224; x_wconf 89' lang='lat' dir='ltr'><strong>ictus</strong></span> <span class='ocrx_word' id='word_1_40' title='bbox 440 1179 500 1224; x_wconf 89' lang='lat' dir='ltr'><strong>ora</strong></span> <span class='ocrx_word' id='word_1_41' title='bbox 518 1171 554 1223; x_wconf 86' lang='lat' dir='ltr'><strong>et</strong></span> <span class='ocrx_word' id='word_1_42' title='bbox 570 1179 651 1224; x_wconf 79' lang='lat' dir='ltr'><strong>mvn</strong></span> <span class='ocrx_word' id='word_1_43' title='bbox 670 1169 823 1250; x_wconf 88' lang='lat' dir='ltr'><strong>tempora</strong></span> <span class='ocrx_word' id='word_1_44' title='bbox 840 1155 967 1224; x_wconf 88' lang='lat' dir='ltr'><strong>circum</strong></span> <span class='ocrx_word' id='word_1_45' title='bbox 986 1211 987 1216; x_wconf 29' lang='lat'>1</span> 
     </span>
     <span class='ocr_line' id='line_1_8' title="bbox 97 1264 1023 1373; baseline 0.003 -30"><span class='ocrx_word' id='word_1_46' title='bbox 97 1275 217 1344; x_wconf 83' lang='lat' dir='ltr'><strong>Obnixi</strong></span> <span class='ocrx_word' id='word_1_47' title='bbox 237 1275 465 1372; x_wconf 78' lang='lat' dir='ltr'><strong>ingeminant,</strong></span> <span class='ocrx_word' id='word_1_48' title='bbox 482 1274 628 1346; x_wconf 87' lang='lat' dir='ltr'><strong>telorum</strong></span> <span class='ocrx_word' id='word_1_49' title='bbox 646 1264 708 1347; x_wconf 48' lang='lat' dir='ltr'><strong>a&#39;ut</strong></span> <span class='ocrx_word' id='word_1_50' title='bbox 726 1275 899 1373; x_wconf 80' lang='lat' dir='ltr'><strong>grandinis</strong></span> <span class='ocrx_word' id='word_1_51' title='bbox 917 1277 1023 1346; x_wconf 85' lang='lat' dir='ltr'><strong>instar</strong></span> 
     </span>
     <span class='ocr_line' id='line_1_9' title="bbox 96 1396 937 1494; baseline 0 -29"><span class='ocrx_word' id='word_1_52' title='bbox 96 1397 281 1491; x_wconf 76' lang='lat' dir='ltr'><strong>Rhipbmae,</strong></span> <span class='ocrx_word' id='word_1_53' title='bbox 298 1396 452 1493; x_wconf 77' lang='lat' dir='ltr'><strong>flexoque</strong></span> <span class='ocrx_word' id='word_1_54' title='bbox 472 1420 562 1494; x_wconf 84' lang='lat' dir='ltr'><strong>genu</strong></span> <span class='ocrx_word' id='word_1_55' title='bbox 579 1423 687 1468; x_wconf 84' lang='lat' dir='ltr'><strong>vacua</strong></span> <span class='ocrx_word' id='word_1_56' title='bbox 704 1396 763 1467; x_wconf 87' lang='lat' dir='ltr'><strong>ilia</strong></span> <span class='ocrx_word' id='word_1_57' title='bbox 779 1396 937 1482; x_wconf 83' lang='lat' dir='ltr'><strong>tundunt.</strong></span> 
     </span>
     <span class='ocr_line' id='line_1_10' title="bbox 96 1517 893 1613; baseline 0 -26"><span class='ocrx_word' id='word_1_58' title='bbox 96 1518 172 1587; x_wconf 80' lang='lat' dir='ltr'><strong>Non</strong></span> <span class='ocrx_word' id='word_1_59' title='bbox 188 1517 286 1588; x_wconf 85' lang='lat' dir='ltr'><strong>aliter</strong></span> <span class='ocrx_word' id='word_1_60' title='bbox 304 1543 406 1613; x_wconf 88' lang='lat' dir='ltr'><strong>quam</strong></span> <span class='ocrx_word' id='word_1_61' title='bbox 421 1520 528 1590; x_wconf 73' lang='lat' dir='ltr'><strong>Pisaeo</strong></span> <span class='ocrx_word' id='word_1_62' title='bbox 545 1543 606 1590; x_wconf 84' lang='lat' dir='ltr'><strong>sua</strong></span> <span class='ocrx_word' id='word_1_63' title='bbox 621 1518 729 1590; x_wconf 84' lang='lat' dir='ltr'><strong>lustra</strong></span> <span class='ocrx_word' id='word_1_64' title='bbox 746 1519 893 1589; x_wconf 76' lang='lat' dir='ltr'><strong>Tonanti</strong></span> 
     </span>
     <span class='ocr_line' id='line_1_11' title="bbox 96 1623 1124 1735; baseline -0.001 -27"><span class='ocrx_word' id='word_1_65' title='bbox 96 1639 208 1728; x_wconf 89' lang='lat' dir='ltr'><strong>Quum</strong></span> <span class='ocrx_word' id='word_1_66' title='bbox 225 1639 388 1729; x_wconf 82' lang='lat' dir='ltr'><strong>redeunt,</strong></span> <span class='ocrx_word' id='word_1_67' title='bbox 408 1623 590 1735; x_wconf 81' lang='lat' dir='ltr'><strong>crudisque</strong></span> <span class='ocrx_word' id='word_1_68' title='bbox 604 1635 717 1710; x_wconf 81' lang='lat' dir='ltr'><strong>virum</strong></span> <span class='ocrx_word' id='word_1_69' title='bbox 732 1637 910 1712; x_wconf 88' lang='lat' dir='ltr'><strong>sudoribus</strong></span> <span class='ocrx_word' id='word_1_70' title='bbox 926 1636 1022 1708; x_wconf 85' lang='lat' dir='ltr'><strong>ardet</strong></span> <span class='ocrx_word' id='word_1_71' title='bbox 1120 1689 1124 1700; x_wconf 87' lang='lat'>.</span> 
     </span>
     <span class='ocr_line' id='line_1_12' title="bbox 96 1759 1072 1857; baseline -0.001 -25"><span class='ocrx_word' id='word_1_72' title='bbox 96 1759 221 1850; x_wconf 80' lang='lat' dir='ltr'><strong>Pulvis,</strong></span> <span class='ocrx_word' id='word_1_73' title='bbox 240 1776 276 1830; x_wconf 89' lang='lat' dir='ltr'><strong>at</strong></span> <span class='ocrx_word' id='word_1_74' title='bbox 294 1760 375 1832; x_wconf 92' lang='lat' dir='ltr'><strong>binc</strong></span> <span class='ocrx_word' id='word_1_75' title='bbox 392 1777 526 1834; x_wconf 89' lang='lat' dir='ltr'><strong>teneros</strong></span> <span class='ocrx_word' id='word_1_76' title='bbox 541 1785 650 1832; x_wconf 70' lang='lat' dir='ltr'><strong>eavea</strong></span> <span class='ocrx_word' id='word_1_77' title='bbox 665 1762 834 1834; x_wconf 78' lang='lat' dir='ltr'><strong>dissensus</strong></span> <span class='ocrx_word' id='word_1_78' title='bbox 852 1761 997 1857; x_wconf 78' lang='lat' dir='ltr'>ephebos</span> <span class='ocrx_word' id='word_1_79' title='bbox 1070 1799 1072 1804; x_wconf 96' lang='lat'>·</span> 
     </span>
     <span class='ocr_line' id='line_1_13' title="bbox 97 1881 1018 1981; baseline -0.002 -29"><span class='ocrx_word' id='word_1_80' title='bbox 97 1883 267 1972; x_wconf 86' lang='lat' dir='ltr'><strong>Concitat,</strong></span> <span class='ocrx_word' id='word_1_81' title='bbox 287 1881 497 1978; x_wconf 76' lang='lat' dir='ltr'><strong>exclusaque</strong></span> <span class='ocrx_word' id='word_1_82' title='bbox 514 1899 713 1980; x_wconf 85' lang='lat' dir='ltr'><strong>exspectant</strong></span> <span class='ocrx_word' id='word_1_83' title='bbox 731 1885 870 1981; x_wconf 80' lang='lat' dir='ltr'><strong>praemia</strong></span> <span class='ocrx_word' id='word_1_84' title='bbox 885 1898 1018 1954; x_wconf 86' lang='lat' dir='ltr'><strong>matres.</strong></span> 
     </span>
     <span class='ocr_line' id='line_1_14' title="bbox 97 1995 921 2100; baseline 0.002 -28"><span class='ocrx_word' id='word_1_85' title='bbox 97 2004 147 2073; x_wconf 90' lang='lat' dir='ltr'><strong>Sic</strong></span> <span class='ocrx_word' id='word_1_86' title='bbox 162 2002 287 2074; x_wconf 83' lang='lat' dir='ltr'><strong>alacres</strong></span> <span class='ocrx_word' id='word_1_87' title='bbox 301 2005 400 2095; x_wconf 92' lang='lat' dir='ltr'><strong>odio,</strong></span> <span class='ocrx_word' id='word_1_88' title='bbox 420 1995 582 2100; x_wconf 84' lang='lat' dir='ltr'><strong>nullaque</strong></span> <span class='ocrx_word' id='word_1_89' title='bbox 595 2006 756 2100; x_wconf 89' lang='lat' dir='ltr'><strong>cupidine</strong></span> <span class='ocrx_word' id='word_1_90' title='bbox 772 2005 880 2076; x_wconf 84' lang='lat' dir='ltr'><strong>laudis</strong></span> <span class='ocrx_word' id='word_1_91' title='bbox 919 2059 921 2064; x_wconf 67' lang='lat'><strong>,</strong></span> 
     </span>
     <span class='ocr_line' id='line_1_15' title="bbox 96 2126 956 2215; baseline 0 -19"><span class='ocrx_word' id='word_1_92' title='bbox 96 2127 229 2196; x_wconf 74' lang='lat' dir='ltr'><strong>lonensi</strong></span> <span class='ocrx_word' id='word_1_93' title='bbox 246 2127 441 2215; x_wconf 88' lang='lat' dir='ltr'><strong>incurrunt,</strong></span> <span class='ocrx_word' id='word_1_94' title='bbox 459 2141 630 2196; x_wconf 86' lang='lat' dir='ltr'><strong>serutatur</strong></span> <span class='ocrx_word' id='word_1_95' title='bbox 647 2141 682 2196; x_wconf 85' lang='lat' dir='ltr'><strong>et</strong></span> <span class='ocrx_word' id='word_1_96' title='bbox 700 2129 820 2196; x_wconf 86' lang='lat' dir='ltr'><strong>intima</strong></span> <span class='ocrx_word' id='word_1_97' title='bbox 840 2126 956 2197; x_wconf 83' lang='lat' dir='ltr'><strong>vultus</strong></span> 
     </span>
     <span class='ocr_line' id='line_1_16' title="bbox 97 2248 1023 2343; baseline 0 -27"><span class='ocrx_word' id='word_1_98' title='bbox 97 2249 185 2317; x_wconf 79' lang='lat' dir='ltr'><strong>Unm</strong></span> <span class='ocrx_word' id='word_1_99' title='bbox 200 2272 341 2336; x_wconf 87' lang='lat' dir='ltr'><strong>manus,</strong></span> <span class='ocrx_word' id='word_1_100' title='bbox 357 2249 560 2343; x_wconf 83' lang='lat' dir='ltr'><strong>penitusque</strong></span> <span class='ocrx_word' id='word_1_101' title='bbox 576 2248 682 2320; x_wconf 90' lang='lat' dir='ltr'><strong>oculis</strong></span> <span class='ocrx_word' id='word_1_102' title='bbox 697 2248 894 2319; x_wconf 88' lang='lat' dir='ltr'><strong>cedentibus</strong></span> <span class='ocrx_word' id='word_1_103' title='bbox 912 2251 1023 2328; x_wconf 85' lang='lat' dir='ltr'><strong>instat.</strong></span> 
     </span>
     <span class='ocr_line' id='line_1_17' title="bbox 97 2356 940 2457; baseline 0.002 -19"><span class='ocrx_word' id='word_1_104' title='bbox 97 2373 215 2440; x_wconf 81' lang='lat' dir='ltr'><strong>Forsan</strong></span> <span class='ocrx_word' id='word_1_105' title='bbox 236 2385 271 2440; x_wconf 92' lang='lat' dir='ltr'><strong>et</strong></span> <span class='ocrx_word' id='word_1_106' title='bbox 287 2356 454 2439; x_wconf 74' lang='lat' dir='ltr'><strong>accinctos</strong></span> <span class='ocrx_word' id='word_1_107' title='bbox 473 2367 587 2457; x_wconf 82' lang='lat' dir='ltr'><strong>lateri,</strong></span> <span class='ocrx_word' id='word_1_108' title='bbox 605 2372 653 2441; x_wconf 86' lang='lat' dir='ltr'><strong>sic</strong></span> <span class='ocrx_word' id='word_1_109' title='bbox 669 2371 720 2440; x_wconf 88' lang='lat' dir='ltr'><strong>ira</strong></span> <span class='ocrx_word' id='word_1_110' title='bbox 738 2369 898 2457; x_wconf 78' lang='lat' dir='ltr'><strong>ferebat,</strong></span> <span class='ocrx_word' id='word_1_111' title='bbox 938 2393 940 2400; x_wconf 75' lang='grc'><em>’</em></span> 
     </span>
     <span class='ocr_line' id='line_1_18' title="bbox 96 2490 937 2587; baseline -0.002 -24"><span class='ocrx_word' id='word_1_112' title='bbox 96 2492 291 2563; x_wconf 70' lang='lat' dir='ltr'><strong>noussen</strong></span> <span class='ocrx_word' id='word_1_113' title='bbox 303 2500 420 2582; x_wconf 85' lang='lat' dir='ltr'><strong>enses,</strong></span> <span class='ocrx_word' id='word_1_114' title='bbox 437 2490 624 2587; x_wconf 82' lang='lat' dir='ltr'><strong>meliusque</strong></span> <span class='ocrx_word' id='word_1_115' title='bbox 641 2492 819 2562; x_wconf 83' lang='lat' dir='ltr'><strong>hostilibus</strong></span> <span class='ocrx_word' id='word_1_116' title='bbox 836 2494 937 2561; x_wconf 86' lang='lat' dir='ltr'><strong>armis</strong></span> 
     </span>
     <span class='ocr_line' id='line_1_19' title="bbox 96 2607 907 2710; baseline 0 -27"><span class='ocrx_word' id='word_1_117' title='bbox 96 2613 280 2710; x_wconf 85' lang='lat' dir='ltr'><strong>Lugendus&#39;</strong></span> <span class='ocrx_word' id='word_1_118' title='bbox 291 2607 403 2702; x_wconf 83' lang='lat' dir='ltr'><strong>fratri,</strong></span> <span class='ocrx_word' id='word_1_119' title='bbox 421 2614 554 2709; x_wconf 83' lang='lat' dir='ltr'><strong>juvenis</strong></span> <span class='ocrx_word' id='word_1_120' title='bbox 573 2614 749 2702; x_wconf 84' lang='lat' dir='ltr'><strong>Thebane,</strong></span> <span class='ocrx_word' id='word_1_121' title='bbox 765 2614 907 2706; x_wconf 84' lang='lat' dir='ltr'><strong>jaceres,</strong></span> 
     </span>
     <span class='ocr_line' id='line_1_20' title="bbox 96 2732 963 2831; baseline -0.003 -27"><span class='ocrx_word' id='word_1_122' title='bbox 96 2736 135 2804; x_wconf 72' lang='lat' dir='ltr'><strong>lb</strong></span> <span class='ocrx_word' id='word_1_123' title='bbox 150 2760 208 2805; x_wconf 80' lang='lat' dir='ltr'><strong>rex</strong></span> <span class='ocrx_word' id='word_1_124' title='bbox 225 2732 398 2805; x_wconf 86' lang='lat' dir='ltr'><strong>insolitum</strong></span> <span class='ocrx_word' id='word_1_125' title='bbox 416 2733 612 2824; x_wconf 86' lang='lat' dir='ltr'><strong>clamorem,</strong></span> <span class='ocrx_word' id='word_1_126' title='bbox 629 2750 664 2805; x_wconf 90' lang='lat' dir='ltr'><strong>et</strong></span> <span class='ocrx_word' id='word_1_127' title='bbox 679 2749 815 2831; x_wconf 77' lang='lat' dir='ltr'><strong>pectore</strong></span> <span class='ocrx_word' id='word_1_128' title='bbox 832 2734 875 2803; x_wconf 91' lang='lat' dir='ltr'><strong>ab</strong></span> <span class='ocrx_word' id='word_1_129' title='bbox 894 2732 963 2803; x_wconf 94' lang='lat' dir='ltr'><strong>alto</strong></span> 
     </span>
     <span class='ocr_line' id='line_1_21' title="bbox 97 2855 956 2951; baseline -0.003 -26"><span class='ocrx_word' id='word_1_130' title='bbox 97 2856 272 2927; x_wconf 80' lang='lat' dir='ltr'><strong>Stridentes</strong></span> <span class='ocrx_word' id='word_1_131' title='bbox 291 2856 449 2951; x_wconf 78' lang='lat' dir='ltr'><strong>gemitus,</strong></span> <span class='ocrx_word' id='word_1_132' title='bbox 468 2859 576 2925; x_wconf 89' lang='lat' dir='ltr'><strong>noctis</strong></span> <span class='ocrx_word' id='word_1_133' title='bbox 596 2857 738 2926; x_wconf 85' lang='lat' dir='ltr'><strong>miratus</strong></span> <span class='ocrx_word' id='word_1_134' title='bbox 756 2858 791 2925; x_wconf 91' lang='lat' dir='ltr'><strong>in</strong></span> <span class='ocrx_word' id='word_1_135' title='bbox 811 2855 956 2937; x_wconf 89' lang='lat' dir='ltr'><strong>umbris,</strong></span> 
     </span>
     <span class='ocr_line' id='line_1_22' title="bbox 97 2977 877 3073; baseline 0.003 -28"><span class='ocrx_word' id='word_1_136' title='bbox 97 2977 250 3047; x_wconf 85' lang='lat' dir='ltr'><strong>Movisset</strong></span> <span class='ocrx_word' id='word_1_137' title='bbox 267 3002 414 3073; x_wconf 74' lang='lat' dir='ltr'><strong>gressus,</strong></span> <span class='ocrx_word' id='word_1_138' title='bbox 433 2979 565 3073; x_wconf 89' lang='lat' dir='ltr'><strong>magnis</strong></span> <span class='ocrx_word' id='word_1_139' title='bbox 582 2978 636 3047; x_wconf 87' lang='lat' dir='ltr'><strong>cui</strong></span> <span class='ocrx_word' id='word_1_140' title='bbox 657 2978 769 3048; x_wconf 89' lang='lat' dir='ltr'><strong>sobria</strong></span> <span class='ocrx_word' id='word_1_141' title='bbox 788 2979 877 3048; x_wconf 90' lang='lat' dir='ltr'><strong>curis</strong></span> 
     </span>
     <span class='ocr_line' id='line_1_23' title="bbox 99 3098 876 3194; baseline 0 -30"><span class='ocrx_word' id='word_1_142' title='bbox 99 3098 260 3169; x_wconf 87' lang='lat' dir='ltr'><strong>Pendcbat</strong></span> <span class='ocrx_word' id='word_1_143' title='bbox 278 3122 397 3169; x_wconf 91' lang='lat' dir='ltr'><strong>somno</strong></span> <span class='ocrx_word' id='word_1_144' title='bbox 412 3100 484 3194; x_wconf 89' lang='lat' dir='ltr'><strong>jam</strong></span> <span class='ocrx_word' id='word_1_145' title='bbox 500 3098 665 3171; x_wconf 88' lang='lat' dir='ltr'><strong>deteriore</strong></span> <span class='ocrx_word' id='word_1_146' title='bbox 682 3116 843 3170; x_wconf 84' lang='lat' dir='ltr'><strong>senectus.</strong></span> <span class='ocrx_word' id='word_1_147' title='bbox 863 3140 876 3163; x_wconf 86' lang='grc'><strong>.</strong></span> 
     </span>
    </p>

    <p class='ocr_par' dir='ltr' id='par_1_3' title="bbox 100 3210 1050 4164">
     <span class='ocr_line' id='line_1_24' title="bbox 139 3210 1014 3317; baseline 0 -26"><span class='ocrx_word' id='word_1_148' title='bbox 139 3225 239 3316; x_wconf 86' lang='lat' dir='ltr'><strong>lsqae</strong></span> <span class='ocrx_word' id='word_1_149' title='bbox 255 3220 315 3290; x_wconf 90' lang='lat' dir='ltr'><strong>ubi</strong></span> <span class='ocrx_word' id='word_1_150' title='bbox 331 3221 550 3317; x_wconf 85' lang='lat' dir='ltr'><strong>progrediens</strong></span> <span class='ocrx_word' id='word_1_151' title='bbox 563 3210 749 3291; x_wconf 53' lang='lat' dir='ltr'><strong>&#39;numerosa</strong></span> <span class='ocrx_word' id='word_1_152' title='bbox 764 3221 853 3311; x_wconf 88' lang='lat' dir='ltr'><strong>lucc,</strong></span> <span class='ocrx_word' id='word_1_153' title='bbox 871 3246 932 3317; x_wconf 89' lang='lat' dir='ltr'><strong>per</strong></span> <span class='ocrx_word' id='word_1_154' title='bbox 948 3220 1014 3291; x_wconf 85' lang='lat' dir='ltr'><strong>alta</strong></span> 
     </span>
     <span class='ocr_line' id='line_1_25' title="bbox 100 3339 818 3431; baseline 0.001 -20"><span class='ocrx_word' id='word_1_155' title='bbox 100 3344 198 3431; x_wconf 78' lang='lat' dir='ltr'><strong>Atria,</strong></span> <span class='ocrx_word' id='word_1_156' title='bbox 219 3341 356 3411; x_wconf 89' lang='lat' dir='ltr'><strong>dimotis</strong></span> <span class='ocrx_word' id='word_1_157' title='bbox 372 3341 513 3412; x_wconf 78' lang='lat' dir='ltr'><strong>adverso</strong></span> <span class='ocrx_word' id='word_1_158' title='bbox 531 3339 646 3411; x_wconf 89' lang='lat' dir='ltr'><strong>limine</strong></span> <span class='ocrx_word' id='word_1_159' title='bbox 664 3339 818 3412; x_wconf 88' lang='lat' dir='ltr'><strong>claustris</strong></span> 
     </span>
     <span class='ocr_line' id='line_1_26' title="bbox 100 3460 971 3559; baseline 0.003 -29"><span class='ocrx_word' id='word_1_160' title='bbox 100 3461 287 3532; x_wconf 85' lang='lat' dir='ltr'><strong>Terribilem</strong></span> <span class='ocrx_word' id='word_1_161' title='bbox 306 3461 399 3531; x_wconf 90' lang='lat' dir='ltr'><strong>dictu</strong></span> <span class='ocrx_word' id='word_1_162' title='bbox 415 3460 550 3551; x_wconf 87' lang='lat' dir='ltr'><strong>faciem,</strong></span> <span class='ocrx_word' id='word_1_163' title='bbox 568 3460 677 3533; x_wconf 86' lang='lat' dir='ltr'><strong>lacera</strong></span> <span class='ocrx_word' id='word_1_164' title='bbox 693 3488 771 3553; x_wconf 93' lang='lat' dir='ltr'><strong>ora,</strong></span> <span class='ocrx_word' id='word_1_165' title='bbox 789 3478 971 3559; x_wconf 86' lang='lat' dir='ltr'><strong>putresque</strong></span> 
     </span>
     <span class='ocr_line' id='line_1_27' title="bbox 100 3582 1050 3680; baseline 0.002 -29"><span class='ocrx_word' id='word_1_166' title='bbox 100 3584 282 3679; x_wconf 75' lang='lat' dir='ltr'><strong>sanguineo</strong></span> <span class='ocrx_word' id='word_1_167' title='bbox 300 3582 390 3653; x_wconf 81' lang='lat' dir='ltr'><strong>videt</strong></span> <span class='ocrx_word' id='word_1_168' title='bbox 407 3583 517 3653; x_wconf 91' lang='lat' dir='ltr'><strong>imbre</strong></span> <span class='ocrx_word' id='word_1_169' title='bbox 533 3608 659 3680; x_wconf 85' lang='lat' dir='ltr'><strong>genas:</strong></span> <span class='ocrx_word' id='word_1_170' title='bbox 677 3584 791 3674; x_wconf 76' lang='lat' dir='ltr'><strong>«Qnae</strong></span> <span class='ocrx_word' id='word_1_171' title='bbox 808 3610 909 3655; x_wconf 89' lang='lat' dir='ltr'><strong>causa</strong></span> <span class='ocrx_word' id='word_1_172' title='bbox 926 3584 1050 3655; x_wconf 83' lang='lat' dir='ltr'><strong>furoris</strong></span> 
     </span>
     <span class='ocr_line' id='line_1_28' title="bbox 100 3704 1002 3801; baseline 0.002 -28"><span class='ocrx_word' id='word_1_173' title='bbox 100 3706 227 3774; x_wconf 79' lang='lat' dir='ltr'><strong>Externi</strong></span> <span class='ocrx_word' id='word_1_174' title='bbox 241 3704 383 3799; x_wconf 81' lang='lat' dir='ltr'><strong>juvenes</strong></span> <span class='ocrx_word' id='word_1_175' title='bbox 402 3706 527 3801; x_wconf 85' lang='lat' dir='ltr'><strong>(neque</strong></span> <span class='ocrx_word' id='word_1_176' title='bbox 544 3708 633 3776; x_wconf 90' lang='lat' dir='ltr'><strong>enim</strong></span> <span class='ocrx_word' id='word_1_177' title='bbox 651 3730 745 3775; x_wconf 89' lang='lat' dir='ltr'><strong>meus</strong></span> <span class='ocrx_word' id='word_1_178' title='bbox 764 3705 887 3775; x_wconf 86' lang='lat' dir='ltr'><strong>audeat</strong></span> <span class='ocrx_word' id='word_1_179' title='bbox 901 3708 1002 3777; x_wconf 82' lang='lat' dir='ltr'><strong>istas</strong></span> 
     </span>
     <span class='ocr_line' id='line_1_29' title="bbox 100 3810 1050 3923; baseline 0.002 -30"><span class='ocrx_word' id='word_1_180' title='bbox 100 3826 183 3895; x_wconf 87' lang='lat' dir='ltr'><strong>Civis</strong></span> <span class='ocrx_word' id='word_1_181' title='bbox 199 3829 235 3896; x_wconf 91' lang='lat' dir='ltr'><strong>in</strong></span> <span class='ocrx_word' id='word_1_182' title='bbox 252 3810 359 3920; x_wconf 86' lang='lat' dir='ltr'><strong>usque</strong></span> <span class='ocrx_word' id='word_1_183' title='bbox 375 3826 523 3923; x_wconf 89' lang='lat' dir='ltr'><strong>manus),</strong></span> <span class='ocrx_word' id='word_1_184' title='bbox 542 3827 697 3921; x_wconf 89' lang='lat' dir='ltr'><strong>quisnam</strong></span> <span class='ocrx_word' id='word_1_185' title='bbox 715 3824 934 3922; x_wconf 82' lang='lat' dir='ltr'><strong>implacabilis</strong></span> <span class='ocrx_word' id='word_1_186' title='bbox 950 3825 1050 3895; x_wconf 87' lang='lat' dir='ltr'><strong>ardor</strong></span> 
     </span>
     <span class='ocr_line' id='line_1_30' title="bbox 101 3946 878 4042; baseline -0.005 -25"><span class='ocrx_word' id='word_1_187' title='bbox 101 3948 278 4018; x_wconf 83' lang='lat' dir='ltr'><strong>Erturbare</strong></span> <span class='ocrx_word' id='word_1_188' title='bbox 295 3947 383 4018; x_wconf 93' lang='lat' dir='ltr'><strong>odiis</strong></span> <span class='ocrx_word' id='word_1_189' title='bbox 396 3946 579 4042; x_wconf 88' lang='lat' dir='ltr'><strong>tranquilla</strong></span> <span class='ocrx_word' id='word_1_190' title='bbox 597 3946 729 4019; x_wconf 85' lang='lat' dir='ltr'><strong>silentia</strong></span> <span class='ocrx_word' id='word_1_191' title='bbox 750 3947 878 4017; x_wconf 83' lang='lat' dir='ltr'><strong>noctis?</strong></span> 
     </span>
     <span class='ocr_line' id='line_1_31' title="bbox 101 4068 996 4164; baseline -0.002 -27"><span class='ocrx_word' id='word_1_192' title='bbox 101 4070 206 4162; x_wconf 88' lang='lat' dir='ltr'><strong>Usque</strong></span> <span class='ocrx_word' id='word_1_193' title='bbox 221 4070 350 4141; x_wconf 85' lang='lat' dir='ltr'><strong>adeone</strong></span> <span class='ocrx_word' id='word_1_194' title='bbox 365 4082 506 4164; x_wconf 87' lang='lat' dir='ltr'><strong>angusta</strong></span> <span class='ocrx_word' id='word_1_195' title='bbox 524 4068 616 4138; x_wconf 80' lang='lat' dir='ltr'><strong>dies?</strong></span> <span class='ocrx_word' id='word_1_196' title='bbox 634 4084 668 4138; x_wconf 87' lang='lat' dir='ltr'><strong>et</strong></span> <span class='ocrx_word' id='word_1_197' title='bbox 684 4070 796 4157; x_wconf 89' lang='lat' dir='ltr'><strong>triste,</strong></span> <span class='ocrx_word' id='word_1_198' title='bbox 815 4092 996 4163; x_wconf 85' lang='lat' dir='ltr'><strong>parumper</strong></span> 
     </span>
    </p>
   </div>
   <div class='ocr_carea' id='block_1_3' title="bbox 0 0 1475 4950">
    <p class='ocr_par' dir='ltr' id='par_1_4' title="bbox 0 0 1475 4950">
     <span class='ocr_line' id='line_1_32' title="bbox 0 0 1475 4950; baseline 0 0"><span class='ocrx_word' id='word_1_199' title='bbox 0 0 1475 4950; x_wconf 95' lang='lat' dir='ltr'><strong> </strong></span> 
     </span>
    </p>
   </div>
  </div>
 </body>
</html>
