2934 4950
340 460 376 497 ao
696 443 727 497 P.
750 443 874 498 PUBLII
896 441 1020 498 STATII
1299 447 1383 502 (Νὴ)

387 565 478 656 Quid
494 565 599 636 bifera
613 563 744 636 Alcinoi
759 565 891 636 laudem
909 564 1084 660 pomaria?
1098 588 1240 658 vosque,

338 686 406 775 Qui
423 710 595 780 nunquam
610 687 707 756 vacui
720 686 877 781 prodistis
891 687 927 753 in
942 686 1079 770 aethera,
1095 683 1200 753 rami?

339 804 470 874 Cedant
483 803 661 902 Telegoni,
677 787 797 876 ce'dant
811 807 992 878 Laurentia
1008 806 1114 874 Turni

293 903 297 913 i
338 928 475 1021 Jugera,
490 930 708 1022 Lucrinaeque
723 927 858 1012 domus,
874 924 1018 1019 litusque
1034 925 1164 995 cruenti

331 1049 528 1142 *Antiphatae
543 1075 551 1118 t
569 1050 689 1120 cedant
703 1049 815 1118 vitreae
824 1049 906 1142 juga
921 1045 1048 1142 perfida
1064 1047 1194 1132 Circes,

337 1165 502 1238 Dulichiis
517 1167 643 1238 ululata
660 1168 763 1264 lupis,
778 1191 934 1262 arcesque
949 1165 1083 1260 superbi

339 1289 500 1375 Anxuris,
518 1251 657 1358 etsedes
672 1289 819 1384 Phrygio
830 1295 916 1383 'quas
930 1288 1019 1356 mitis
1035 1283 1170 1355 alumno

337 1407 447 1476 Debet
461 1433 544 1478 anus
561 1435 568 1476 :
586 1408 720 1497 cedant,
737 1434 811 1504 quae
827 1423 874 1497 te,
888 1408 958 1501 jam
972 1404 1095 1476 solibus
1110 1406 1227 1492 aretis,

339 1528 442 1597 Antia
458 1529 609 1599 nimbosa
625 1530 830 1599 revocabunt
845 1527 944 1597 litora
959 1529 1087 1595 bruma.

339 1645 470 1719 Scilicet
486 1651 541 1719 hic
555 1649 604 1718 illi
617 1651 822 1719 meditantur
837 1647 988 1744 pondera
1002 1672 1110 1717 mores
1127 1673 1134 1714 :

338 1767 402 1836 Hic
417 1770 579 1862 premitur
595 1769 739 1839 fecunda
752 1770 867 1863 quies,
882 1769 1054 1862 virtusque
1069 1789 1184 1835 serena

338 1889 462 1958 Fronte
478 1891 603 1984 gravis,
620 1913 785 1983 sanusque
801 1888 912 1974 decor,
928 1885 1074 1981 luxuque
1088 1900 1235 1956 carentes

339 2005 489 2096 Deliciae,
505 2034 588 2103 quas
604 2011 674 2105 ipse
688 2011 757 2079 suis
774 2009 938 2105 digressus
954 2007 1092 2081 Athenis

339 2127 457 2196 Mallet
472 2128 601 2198 deserto
617 2131 729 2198 senior
744 2130 939 2223 Gargettius
953 2127 1062 2197 horto.

313 2305 316 2311 ,
339 2251 417 2317 Haeo
432 2273 493 2342 per
508 2262 541 2318 et
557 2251 673 2344 AEgeas
687 2249 828 2334 hiemes,
844 2247 1064 2342 Pliadumque
1080 2249 1232 2317 nivosum

339 2367 451 2456 Sidus,
466 2382 500 2436 et
516 2366 644 2437 Oleniis
660 2368 799 2462 dignum
816 2369 947 2463 petiisse
962 2369 1023 2436 sub
1039 2368 1145 2436 astris.

339 2491 374 2558 Si
389 2487 507 2559 Maleae
524 2488 688 2559 credenda
704 2490 801 2579 ratis,
815 2486 1007 2583 Siculosque
1022 2513 1081 2583 per
1096 2502 1193 2557 aestus

340 2610 390 2677 Sit
406 2610 478 2697 via,
493 2634 554 2679 cur
568 2607 673 2680 oculis
688 2609 800 2678 sordet
815 2610 924 2678 vicina
940 2606 1111 2703 voluptas?

339 2730 403 2797 Hic
420 2742 477 2797 tua
491 2730 647 2800 Tiburtes
662 2734 794 2800 Faunos
809 2728 935 2823 chelys,
950 2742 983 2797 et
996 2730 1092 2822 juvat
1107 2730 1217 2824 ipsum

340 2844 498 2938 Alciden,
514 2847 705 2944 dictumque
720 2848 792 2943 lyra
806 2850 933 2942 majore
948 2848 1107 2917 Catillum
1123 2874 1131 2915 :

340 2970 405 3036 Seu
422 2969 481 3038 tibi
494 2968 678 3038 Pindaricis
694 2969 825 3036 animus
840 2967 1042 3038 contendere
1058 2966 1208 3062 plectris,

340 3088 417 3156 Sive
435 3085 553 3182 chelyn
570 3085 665 3157 tollas
682 3087 785 3157 heroa
800 3086 843 3155 ad
858 3089 995 3177 robora,
1012 3090 1080 3157 sive

339 3207 513 3275 Liventem
528 3208 663 3276 satiram
679 3208 774 3302 nigra
789 3209 942 3304 rubigine
958 3209 1070 3279 turbes
1086 3235 1094 3277 ε

341 3328 407 3395 Seu
424 3326 485 3395 tibi
500 3350 569 3395 non
583 3325 649 3395 alia
662 3324 871 3421 splendescat
885 3328 1026 3423 epistola
1040 3354 1129 3400 cura.

340 3447 450 3542 Digne
464 3444 580 3535 Midae,
597 3447 770 3557 Croesique
785 3450 897 3536 bouis,
914 3463 946 3518 et
961 3449 1096 3519 Perside
1111 3473 1205 3547 gaza,

343 3568 453 3637 Macte
467 3567 563 3637 bonis
578 3565 703 3637 animi!
720 3570 815 3663 cujus
830 3571 1018 3665 stagnantia
1033 3595 1112 3639 rura

342 3689 469 3757 Debuit
485 3702 518 3757 et
532 3687 626 3757 flavis
642 3693 785 3758 Hermus
801 3703 1027 3768 transcurrere
1042 3691 1142 3784 ripis,

341 3810 385 3876 Et
399 3806 479 3877 limo
495 3805 691 3902 splendente
705 3812 825 3905 Tagus.
844 3811 898 3879 Sic
913 3810 1011 3881 docta
1024 3810 1211 3904 frequentes

343 3929 442 4013 Otia3
457 3929 503 3997 sic
520 3930 612 3997 omni
627 3929 775 3999 detersus
790 3944 926 4024 pectora
940 3931 1029 3999 nubo

343 4050 458 4118 Finem
475 4051 642 4121 Nestoreae
654 4070 774 4157 grecor
791 4050 960 4146 egrediare
977 4050 1128 4123 senecta!
