2934 4950
47 500 80 551 (r.
94 498 166 559 Μ)
369 494 584 553 autumnos
607 488 717 551 maun
737 496 787 550 tx.
1037 492 1091 551 153

46 624 185 691 Transit
202 646 302 691 avum
318 620 427 691 :levat
444 622 535 693 unda
553 620 689 717 gradus,
708 647 766 691 seu
783 620 911 691 delluus
930 618 1003 707 ille,

47 744 128 811 Sive
145 742 302 836 obliquus
319 757 392 829 eat3
412 768 472 812 nec
491 766 597 836 quum
618 742 708 812 subit
724 742 861 829 obvius,
879 740 963 810 ullas

47 866 180 958 Stagna
197 861 317 931 dedere
335 888 463 949 moras,
483 864 674 957 pariterque
692 864 871 931 revertitur
889 864 1006 931 amnis.

46 984 127 1051 Non
141 983 345 1052 Anthedonii
365 984 450 1078 tegit
465 983 604 1078 hospitis
618 984 764 1079 'inguina
777 996 901 1077 pontus

47 1100 228 1191 Blandior,
247 1103 360 1171 aestivo
375 1126 435 1171 nec
453 1127 488 1171 se
506 1105 610 1198 magis
629 1127 764 1196 aequore
781 1106 913 1199 Triton

47 1222 184 1309 Exerit,
204 1194 263 1291 aut
280 1246 365 1291 carae
385 1221 524 1291 festinus
543 1222 587 1292 ad
606 1222 719 1293 oscula
731 1226 850 1321 ‚matris

48 1344 165 1431 Quum
184 1355 326 1429 remeat,
348 1340 547 1435 tardumque
566 1344 643 1414 ferit
663 1343 819 1443 delphina
840 1344 1017 1415 Palemon.

95 1466 202 1532 Arma
220 1460 338 1533 decent
351 1463 521 1553 humeros,
536 1462 734 1559 clypeusque
752 1467 909 1561 insignis,
924 1481 959 1535 et
976 1490 1059 1536 auro

48 1582 216 1669 Lucidus,
233 1584 347 1654 Aoniae
365 1582 499 1653 celatur
515 1586 643 1680 origine
662 1588 780 1681 gentis.
1033 1590 1041 1598 ’

51 1702 189 1773 Sidonis
205 1703 262 1771 hic
273 1701 388 1773 blandi
406 1729 466 1799 per
483 1704 625 1775 candida
642 1721 736 1803 terga
750 1707 887 1801 juvenci

49 1827 123 1892 Jam
145 1848 262 1893 secura
278 1826 397 1912 maris,
415 1826 536 1895 teneris
551 1826 622 1920 jam
638 1853 765 1897 cornua
785 1827 904 1923 palmis

50 1946 129 2014 Non
152 1957 242 2013 tenet
257 1970 265 2013 :
280 1945 435 2015 extremis
455 1944 610 2016 alludunt
625 1972 760 2042 aequora
774 1948 910 2043 plantis.

51 2069 102 2133 lre
122 2079 222 2159 putes
242 2062 376 2159 clypeo,
391 2065 575 2159 fluctusque
601 2092 710 2137 secare
725 2070 918 2163 juvencum.

53 2187 203 2282 Adjuvat
219 2187 310 2257 unda
326 2186 446 2277 fidem,
466 2187 586 2284 pelago
602 2216 663 2259 nec
679 2188 823 2260 discolor
837 2194 956 2262 amnis.

97 2311 198 2378 Tunc
214 2306 322 2377 audax
338 2310 465 2403 pariter
482 2309 570 2398 telis,
588 2327 622 2379 et
639 2336 720 2381 voce
737 2328 893 2406 proterva

55 2428 328 2526 Hippomedonta
348 2432 429 2524 petit
446 2457 454 2501 :
475 2434 583 2502 «Non
601 2432 670 2502 haee
686 2432 839 2503 foecunda
853 2457 981 2503 veneno

59 2555 188 2640 Lerna,
205 2576 267 2620 nec
284 2550 452 2622 Herculeis
470 2553 596 2622 haustae
614 2554 822 2648 serpentibus
840 2554 947 2623 unde.
998 2549 1002 2560 ’

57 2675 195 2742 Sacrum
207 2696 496 2760 amnem,sacrum
508 2673 695 2768 (et,miser,
706 2674 1093 2771 experiere),Deumque
1158 2745 1161 2750 .

55 2790 197 2862 Altn'ces
214 2793 371 2888 irrumpis
387 2817 488 2888 aquas
511 2821 519 2861 :
539 2825 557 2860 »
575 2794 657 2864 nihil
679 2794 750 2887 ille,
770 2795 827 2866 sed
843 2797 913 2867 ibat

57 2915 218 2981 Cominus
238 2939 246 2980 z
263 2916 419 3009 opposuit
436 2915 570 2985 cumulo
590 2941 624 2985 se
644 2916 779 2987 densior
795 2920 921 3008 amnis,

56 3032 280 3126 Tardavitque
300 3059 436 3104 manum
457 3061 464 3103 :
485 3035 604 3106 vulnus
624 3052 733 3106 tamen
752 3036 808 3106 illa
827 3053 991 3108 retentum

56 3151 216 3242 Pertulit,
236 3167 334 3247 atque
355 3157 471 3224 animae
488 3170 559 3224 tota
575 3157 610 3226 in
628 3156 809 3250 penetralia
828 3159 921 3227 sedit.

58 3273 197 3341 Horruit
214 3272 305 3341 unda
323 3272 437 3343 nesas:
460 3272 548 3345 silvae
568 3276 702 3346 flevistis
720 3294 886 3372 utraeque:

60 3395 100 3460 Et
115 3395 272 3488 graviora
291 3419 378 3464 cavae
396 3412 579 3466 sonuerunt
597 3423 768 3468 murmura
786 3401 876 3494 ripe.

63 3511 204 3583 Ultimus
224 3512 280 3582 ille
299 3540 400 3585 sonus
419 3517 620 3586 moribundo
636 3519 831 3588 emersit'ah
850 3546 926 3607 ore,

61 3631 212 3703 tMater!
226 3665 243 3699 n
263 3635 296 3703 iu
314 3635 402 3704 hane
418 3636 528 3706 miseri
549 3635 740 3706 ceciderunt
758 3639 895 3708 flumina
910 3664 1034 3709 vocem.
1055 3675 1118 3692 *-

107 3758 151 3822 At
170 3756 331 3850 genitrix,
349 3771 437 3826 coetu
457 3755 648 3853 glaucarum
667 3759 775 3827 cincta
795 3784 966 3845 sororum,

62 3875 217 3944 Protinus
236 3877 302 3946 ieta
319 3875 425 3967 malo,
445 3880 550 3948 vitrea
568 3878 608 3948 de
626 3877 713 3947 valle
729 3875 860 3948 solutis

64 3993 189 4064 unitiit
207 3995 390 4068 furibunda
408 4001 527 4090 comis,
548 4025 586 4070 ac
606 4000 745 4070 verbere
763 4002 879 4071 crebro

64 4115 212 4209 Oraque,
229 4132 452 4213 pectoraque,
471 4137 504 4190 et
522 4122 661 4191 viridem
676 4122 774 4192 scidit
789 4123 926 4192 horrida
940 4139 1073 4192 vestem.
