2934 4950
58 512 93 570 (v.
107 505 179 567 us.)
355 497 569 557 THEBAIDOS
592 495 702 554 menn
724 495 798 552 m·
1053 493 1110 551 235

59 639 199 706 Nomen
215 631 251 699 in
272 651 330 704 ore
346 625 451 702 sedet.
471 625 611 712 Dircen,
628 624 840 718 infaustaque
856 619 976 694 Cadmi

59 755 209 840 Minoia,
224 747 424 845 posthabitis
439 745 520 817 velit
535 742 713 816 incoluisse
728 747 889 840 Mycenia

112 874 271 946 Proxima
290 873 429 946 lernen
448 865 669 961 Calydonidas
684 857 819 962 agmine
831 868 952 936 mixtas

58 995 195 1092 Tydeos
211 991 383 1085 exsequias
404 988 508 1065 trahit
526 985 616 1062 haud
629 1011 764 1060 cessura
778 990 886 1058 sorori

60 1113 206 1211 Deipyle
222 1139 232 1202 3
253 1109 359 1185 scelus
373 1108 431 1183 illa
448 1108 602 1203 quidem,
622 1132 821 1205 morsusque
838 1109 997 1204 profanos

61 1238 225 1310 Audierat
240 1231 428 1304 uiiseranda
447 1232 511 1302 viri
531 1258 539 1300 τ
561 1229 619 1300 sed
632 1241 751 1302 cuncta
767 1233 893 1328 jacenti

58 1357 184 1429 infelix
203 1356 345 1451 ignoscit
360 1378 455 1424 amor
474 1379 482 1422 :
502 1367 578 1446 post
597 1378 714 1447 aspera
731 1355 823 1435 visu,

59 1491 110 1551 Ac
130 1475 284 1548 deflenda
303 1463 431 1557 tamen,
451 1473 554 1570 digno
573 1471 733 1569 plangore
750 1473 875 1546 Nealce
999 1539 1002 1543 ,

59 1597 339 1696 Hippomedonta
355 1597 445 1666 ciens
465 1623 474 1666 ε
492 1595 578 1666 vatis
595 1619 675 1666 mox
690 1596 792 1691 impia
808 1598 932 1692 conjux

61 1727 141 1793 Heu
152 1744 276 1790 vacuos
295 1719 446 1814 positura
461 1743 561 1812 rogos
579 1743 588 1788 z
609 1731 779 1813 postrema
798 1733 990 1812 gementum

60 1844 209 1940 Agmina
229 1837 393 1910 Maenaliae
407 1838 501 1920 ducit
517 1863 628 1910 comes
640 1837 724 1910 orba
740 1839 877 1927 Dicae,
1003 1840 1005 1843 ’

61 1971 108 2037 Et
127 1963 237 2060 gravis
253 1959 418 2034 Euadne:
437 1957 529 2030 dolet
546 1960 639 2046 hac,
656 1962 878 2056 ‚queriturque
896 1959 1027 2031 labores

61 2085 211 2158 Audacis
228 2083 347 2178 pueri:
368 2083 481 2177 magni
501 2107 630 2155 mentor
647 2079 704 2152 illa
723 2083 836 2152 mariti

61 2214 95 2279 It
117 2224 252 2278 torvum
270 2203 474 2298 lacrymans,
491 2204 696 2298 summisque
712 2205 868 2276 irascitur
885 2208 992 2274 astris

62 2327 144 2398 Illas
161 2341 195 2396 et
212 2325 295 2396 lueis
312 2328 437 2399 Hecate
457 2321 626 2419 speculata
641 2326 768 2420 Lycaein

61 2449 287 2543 Prosequitur
305 2448 453 2544 gemitu,
473 2444 662 2543 duplexque
677 2447 720 2518 ed
735 2447 814 2519 litus
831 2451 949 2520 euntes

62 2571 201 2642 Planxit
221 2570 264 2641 ab
278 2570 458 2641 isthmiaco
476 2569 618 2664 genitrix
632 2568 794 2641 Thebana
811 2570 965 2665 sepulcro
983 2598 991 2639 ε
1061 2666 1067 2677 .

61 2695 358 2789 Noctivagumque
376 2716 528 2787 gregem,
549 2694 702 2784 quamvis
720 2692 784 2761 sibi
805 2690 913 2787 luget,
931 2691 1069 2763 Eleusin

62 2814 192 2904 Flevit,
210 2827 244 2883 et
255 2836 394 2897 arcanos
411 2812 601 2915 errantibue
615 2811 734 2883 extulit
751 2816 854 2909 ignee.

61 2941 142 3033 Ipsa
159 2961 219 3031 per
233 2960 365 3008 aversos
383 2933 477 3006 ducit
495 2936 654 3007 Saturnia
671 2934 792 3022 colles,

63 3055 293 3151 Occultatque
314 3058 400 3145 vinc,
415 3080 457 3125 ne
473 3054 566 3154 plebs
585 3081 762 3151 congressa
778 3082 917 3129 suorum

61 3182 119 3249 Ire
135 3192 243 3268 vetet,
258 3192 438 3274 pereatque
453 3177 596 3273 ingentis
612 3175 719 3272 gloria
733 3180 846 3274 carpti.

62 3302 137 3369 Nec
153 3325 223 3369 non
243 3298 360 3371 functe
377 3298 501 3373 dueum
520 3296 692 3372 refovendi
710 3324 851 3395 corpora
871 3326 988 3372 curam

62 3424 130 3491 Iris
147 3421 249 3491 habet
269 3447 278 3489 ε
299 3434 480 3516 putresque
499 3422 629 3494 arcanis
646 3421 780 3491 roribus
795 3439 889 3493 artus

62 3542 318 3636 Ambrosieeque
332 3543 421 3638 rigat
435 3541 559 3629 taccu,
579 3554 618 3611 ut
635 3540 769 3637 longius
785 3542 921 3614 obstent

62 3666 335 3759 Exspectentque
353 3688 470 3760 rogos,
492 3662 643 3735 flammas
662 3689 745 3733 neve
760 3680 838 3735 ante
852 3666 1017 3738 fatiscant.
1109 3675 1139 3729 Ι

114 3782 298 3879 Squalidus
315 3810 392 3855 ecce
412 3810 527 3881 genas,
548 3800 583 3855 et
598 3785 705 3855 hianti
725 3783 863 3856 vnlnere
882 3786 1029 3883 pallens,
1148 3835 1152 3841 -

63 3908 210 3975 Ornitus
225 3904 300 4001 (hic
319 3907 410 3976 socio
430 3906 580 3977 desertus
596 3906 637 3977 ab
654 3908 809 4002 agmine3
826 3908 936 3979 tardat

60 4026 170 4123 Plaga
187 4026 317 4123 recens)
338 4028 475 4099 timidus
496 4042 624 4101 secreta
641 4052 700 4123 per
720 4030 794 4099 avia
810 4030 901 4101 furto

60 4146 185 4217 Debile
203 4150 310 4244 carpit
330 4151 405 4238 iter,
423 4149 598 4245 fractaeque
616 4151 773 4221 innititur
787 4153 900 4223 haste.
