2934 4950
388 388 424 457 78
709 384 921 442 nmmos
942 380 1056 439 mun
1068 378 1120 437 vl.
1316 378 1407 441 (2⁶⁵1)

387 520 426 583 ln
445 513 591 599 medios,
609 510 741 605 lateque
757 508 865 579 ferens
881 510 942 578 sub
961 522 1095 603 pectore
1112 504 1230 575 dextro

388 637 514 706 Orbem
527 632 630 705 alium
647 658 654 701 :
671 637 796 705 «Hunc
812 634 941 728 potius,
960 631 1117 724 juvenes,
1133 629 1192 721 qni
1210 626 1331 693 muria
1342 625 1408 693 saris

324 842 327 847 ‚
388 762 571 852 Frangere,
591 755 648 849 qui
667 755 785 849 Tyrias
804 751 971 847 dejectum
987 748 1110 819 vaditis
1129 770 1241 835 arces,

388 882 486 949 Hune
504 878 633 973 rapite:
650 890 702 945 ast
720 873 804 944 illud
821 875 876 943 eui
891 896 965 943 non
976 867 1157 966 jaculabile
1174 868 1300 937 dextrae

389 998 573 1070 Ponduslr
590 1002 633 1067 Et
651 998 828 1091 abreptum
848 992 942 1063 nullo
959 993 1134 1063 conamine
1147 992 1230 1087 jecit

388 1131 427 1197 ln
443 1127 550 1214 latus3
572 1121 734 1193 absistunt
753 1114 891 1213 procul,
908 1116 1108 1208 attonitique
1124 1114 1272 1182 fatentur

352 1249 365 1361 p*
387 1248 539 1319 Cedere:
556 1226 610 1317 rix
631 1272 718 1318 unus
737 1240 918 1335 Phlegyflts
935 1256 1075 1329 acerque
1089 1234 1304 1305 Messffilhffl

387 1372 478 1464 (Hos
495 1372 594 1439 etiam
612 1369 722 1465 pudor
741 1382 774 1439 ct
793 1368 907 1463 magni
927 1372 1065 1426 tenuere
1081 1352 1259 1450 Parenta)

388 1493 572 1561 Promisere
589 1514 724 1560 manum
743 1518 750 1558 :
768 1492 931 1559 concessit
947 1502 1056 1559 cetera
1074 1477 1179 1572 pubes

389 1614 534 1706 Sponte,
552 1627 584 1681 et
602 1610 740 1680 adorato
758 1609 856 1679 rediit
875 1608 1019 1705 ingloria
1035 1607 1140 1699 disco,

438 1732 557 1821 Qualis
576 1733 732 1802 Bistoniis
748 1729 883 1825 clypeus
899 1730 1066 1801 Mavortis
1082 1731 1116 1798 in
1135 1729 1224 1799 arvis

390 1857 480 1924 Luce
497 1852 584 1922 mala
600 1856 743 1947 Pangaea
755 1851 857 1938 terit,
876 1848 1048 1944 solemque
1064 1848 1235 1944 refulgens

388 1976 552 2061 Territat,
570 1975 769 2066 incussaque
786 1974 850 2042 Dei
867 1994 969 2067 grave
985 1974 1093 2067 mugit
1110 1971 1154 2041 ab
1171 1973 1279 2043 hasta.

440 2097 562 2164 Pisaeus
581 2093 743 2189 Phlegyas
761 2118 845 2189 opus
865 2094 1022 2181 inchoat,
1041 2107 1074 2163 et
1090 2093 1190 2163 simul
1212 2117 1325 2163 omnes

391 2214 541 2287 Abstulit
556 2216 590 2284 in
609 2241 643 2284 se
661 2213 777 2284 oculos
795 2215 957 2284 exhausto
976 2238 1119 2311 corpore
1137 2217 1246 2285 virtus

389 2338 557 2407 Promissa
573 2362 581 2405 :
599 2360 638 2405 ao
659 2336 807 2430 primum
825 2350 916 2405 terra
934 2334 1132 2432 discumque
1147 2360 1348 2431 manumque

390 2462 554 2554 Asperat:
575 2471 713 2526 excusso
728 2481 807 2526 mox
825 2457 953 2528 circum
971 2456 1111 2555 pulvere
1128 2472 1259 2545 versat,

390 2580 493 2672 Quod
508 2580 595 2651 latus
615 2582 651 2649 in
669 2579 809 2674 digitos,
830 2581 947 2651 medice
963 2580 1055 2676 quod
1073 2582 1197 2651 certius
1215 2580 1304 2650 ulnse

387 2703 601 2773 Conveniat:
619 2725 686 2770 non
706 2703 788 2772 artis
806 2725 930 2798 egens:
949 2702 1006 2771 hic
1023 2722 1154 2798 semper
1171 2705 1279 2772 amori

391 2824 507 2893 Ludus
524 2839 613 2912 erat,
633 2825 751 2918 patriae
768 2847 837 2893 non
854 2837 986 2892 tantum
1000 2823 1058 2892 uhi
1077 2822 1185 2893 laudis
1202 2824 1299 2892 obire

392 2949 512 3034 Sacra,
535 2944 593 3014 sed
608 2943 744 3013 alternis
766 2943 917 3040 Alpheon
938 2945 1108 3038 utrimque
1128 2943 1258 3014 solebat

391 3068 503 3137 Metiri
521 3067 623 3161 ripis,
641 3082 695 3148 et,
714 3091 781 3160 qua
799 3064 961 3135 latissima
981 3066 1128 3153 distant,

390 3189 469 3257 Non
487 3211 634 3281 unquam
653 3212 761 3286 merso
781 3188 1005 3256 transmittere
1020 3185 1161 3257 flumina
1177 3187 1281 3258 diseo.

391 3311 481 3403 Ergo
499 3333 639 3404 operum
659 3308 784 3395 fidens,
805 3334 873 3377 non
892 3309 1046 3403 protinus
1068 3307 1207 3377 horrida
1226 3311 1331 3404 campi

391 3433 532 3525 Jngeru,
552 3429 609 3498 sed
630 3428 713 3498 coelo
731 3428 885 3499 dextrum
903 3431 1050 3516 metitur,
1068 3430 1230 3524 humique

390 3551 527 3620 Pressus
546 3565 689 3644 utroque
707 3575 820 3646 genu,
839 3550 978 3620 collecto
997 3553 1161 3646 sanguine
1180 3551 1309 3628 discum

392 3675 467 3766 Ipse
488 3697 587 3767 super
606 3697 675 3742 sese
695 3687 802 3759 rotat,
823 3689 924 3767 atque
943 3674 978 3741 in
997 3672 1112 3742 nubila
1131 3673 1256 3743 condit.

391 3792 451 3861 llle
472 3795 556 3863 citus
576 3792 717 3863 sublime
736 3795 838 3888 petit,
861 3792 1045 3889 similisque
1066 3794 1198 3864 cadenti

391 3917 517 3984 Crescit
537 3917 570 3983 in
593 3915 790 4003 adversum,
812 3916 1014 4009 tandemque
1032 3917 1212 3988 exhaustus
1230 3919 1273 3986 ab
1290 3914 1351 3984 alto

391 4035 533 4106 Tardior
552 4037 586 4105 in
606 4050 727 4105 terram
747 4036 851 4124 redit,
871 4053 971 4131 atque
993 4041 1204 4135 immergitur
1222 4042 1315 4116 arvis.
