<?xml version="1.0" encoding="UTF-8"?>
<!DOCTYPE html PUBLIC "-//W3C//DTD XHTML 1.0 Transitional//EN"
    "http://www.w3.org/TR/xhtml1/DTD/xhtml1-transitional.dtd">
<html xmlns="http://www.w3.org/1999/xhtml" xml:lang="en" lang="en">
 <head>
  <title>
</title>
<meta http-equiv="Content-Type" content="text/html;charset=utf-8" />
  <meta name='ocr-system' content='tesseract 3.04.00' />
  <meta name='ocr-capabilities' content='ocr_page ocr_carea ocr_par ocr_line ocrx_word'/>
</head>
<body>
  <div class='ocr_page' id='page_1' title='image "./operaquaeextant01dbgoog_0414.png"; bbox 0 0 2934 4950; ppageno 0'>
   <div class='ocr_carea' id='block_1_1' title="bbox 125 356 1152 444">
    <p class='ocr_par' dir='ltr' id='par_1_1' title="bbox 125 356 1152 444">
     <span class='ocr_line' id='line_1_1' title="bbox 125 356 1152 444; baseline -0.004 -5"><span class='ocrx_word' id='word_1_1' title='bbox 125 380 231 444; x_wconf 63' lang='lat' dir='ltr'>(vest)</span> <span class='ocrx_word' id='word_1_2' title='bbox 433 356 861 440; x_wconf 63' lang='lat' dir='ltr'>russsmos&#39;m&#39;nnuvrj</span> <span class='ocrx_word' id='word_1_3' title='bbox 1115 379 1152 436; x_wconf 79' lang='lat' dir='ltr'>ss</span> 
     </span>
    </p>
   </div>
   <div class='ocr_carea' id='block_1_2' title="bbox 113 486 1030 958">
    <p class='ocr_par' dir='ltr' id='par_1_2' title="bbox 113 486 1030 958">
     <span class='ocr_line' id='line_1_2' title="bbox 114 486 1014 601; baseline -0.001 -26"><span class='ocrx_word' id='word_1_4' title='bbox 114 506 207 576; x_wconf 87' lang='lat' dir='ltr'>Bella</span> <span class='ocrx_word' id='word_1_5' title='bbox 226 486 362 574; x_wconf 81' lang='lat' dir='ltr'>movent</span> <span class='ocrx_word' id='word_1_6' title='bbox 380 530 388 573; x_wconf 78' lang='grc' dir='ltr'><strong><em>ε</em></strong></span> <span class='ocrx_word' id='word_1_7' title='bbox 407 506 516 574; x_wconf 88' lang='lat' dir='ltr'>medio</span> <span class='ocrx_word' id='word_1_8' title='bbox 534 498 659 599; x_wconf 75' lang='lat' dir='ltr'>conjux¹</span> <span class='ocrx_word' id='word_1_9' title='bbox 676 521 741 576; x_wconf 86' lang='lat' dir='ltr'>stat</span> <span class='ocrx_word' id='word_1_10' title='bbox 759 505 901 575; x_wconf 87' lang='lat' dir='ltr'>candida</span> <span class='ocrx_word' id='word_1_11' title='bbox 919 506 1014 601; x_wconf 80' lang='lat' dir='ltr'>preto</span> 
     </span>
     <span class='ocr_line' id='line_1_3' title="bbox 113 608 997 720; baseline 0.002 -28"><span class='ocrx_word' id='word_1_12' title='bbox 113 628 287 695; x_wconf 78' lang='lat' dir='ltr'>Victorem</span> <span class='ocrx_word' id='word_1_13' title='bbox 304 608 517 720; x_wconf 83' lang='lat' dir='ltr'>exspectans:</span> <span class='ocrx_word' id='word_1_14' title='bbox 534 616 696 720; x_wconf 88' lang='lat' dir='ltr'>rumpunt</span> <span class='ocrx_word' id='word_1_15' title='bbox 713 627 835 694; x_wconf 84' lang='lat' dir='ltr'>obnixa</span> <span class='ocrx_word' id='word_1_16' title='bbox 853 624 997 694; x_wconf 81' lang='lat' dir='ltr'>furentes</span> 
     </span>
     <span class='ocr_line' id='line_1_4' title="bbox 114 744 1030 833; baseline -0.003 -18"><span class='ocrx_word' id='word_1_17' title='bbox 114 750 276 833; x_wconf 86' lang='lat' dir='ltr'><strong>Pectora,</strong></span> <span class='ocrx_word' id='word_1_18' title='bbox 294 745 406 814; x_wconf 89' lang='lat' dir='ltr'>subdit</span> <span class='ocrx_word' id='word_1_19' title='bbox 424 770 516 815; x_wconf 90' lang='lat' dir='ltr'>amor</span> <span class='ocrx_word' id='word_1_20' title='bbox 534 745 701 833; x_wconf 91' lang='lat' dir='ltr'>stimulos,</span> <span class='ocrx_word' id='word_1_21' title='bbox 721 761 754 815; x_wconf 88' lang='lat' dir='ltr'>et</span> <span class='ocrx_word' id='word_1_22' title='bbox 770 744 908 813; x_wconf 84' lang='lat' dir='ltr'>vulnera</span> <span class='ocrx_word' id='word_1_23' title='bbox 926 761 1030 813; x_wconf 75' lang='lat' dir='ltr'>sanet.</span> 
     </span>
     <span class='ocr_line' id='line_1_5' title="bbox 113 862 923 958; baseline -0.001 -25"><span class='ocrx_word' id='word_1_24' title='bbox 113 870 140 933; x_wconf 92' lang='lat' dir='ltr'>F</span> <span class='ocrx_word' id='word_1_25' title='bbox 141 864 283 933; x_wconf 91' lang='lat' dir='ltr'>ulminei</span> <span class='ocrx_word' id='word_1_26' title='bbox 301 867 347 955; x_wconf 83' lang='lat' dir='ltr'>sic</span> <span class='ocrx_word' id='word_1_27' title='bbox 368 864 465 933; x_wconf 89' lang='lat' dir='ltr'>dente</span> <span class='ocrx_word' id='word_1_28' title='bbox 484 888 575 952; x_wconf 87' lang='lat' dir='ltr'>sues,</span> <span class='ocrx_word' id='word_1_29' title='bbox 596 867 643 934; x_wconf 90' lang='lat' dir='ltr'>sic</span> <span class='ocrx_word' id='word_1_30' title='bbox 660 862 793 958; x_wconf 82' lang='lat' dir='ltr'>hispida</span> <span class='ocrx_word' id='word_1_31' title='bbox 811 880 923 958; x_wconf 87' lang='lat' dir='ltr'>turpes</span> 
     </span>
    </p>
   </div>
   <div class='ocr_carea' id='block_1_3' title="bbox 28 980 872 1095">
    <p class='ocr_par' dir='ltr' id='par_1_3' title="bbox 28 980 872 1095">
     <span class='ocr_line' id='line_1_6' title="bbox 28 980 872 1095; baseline -0.005 -42"><span class='ocrx_word' id='word_1_32' title='bbox 28 1074 35 1095; x_wconf 47' lang='lat'><strong>·</strong></span> <span class='ocrx_word' id='word_1_33' title='bbox 114 982 238 1053; x_wconf 80' lang='lat' dir='ltr'>Proelia</span> <span class='ocrx_word' id='word_1_34' title='bbox 256 980 381 1052; x_wconf 86' lang='lat' dir='ltr'><strong>villosis</strong></span> <span class='ocrx_word' id='word_1_35' title='bbox 401 986 516 1052; x_wconf 89' lang='lat' dir='ltr'>ineunt</span> <span class='ocrx_word' id='word_1_36' title='bbox 533 982 759 1079; x_wconf 83' lang='lat' dir='ltr'><strong>complexibus</strong></span> <span class='ocrx_word' id='word_1_37' title='bbox 775 986 854 1052; x_wconf 90' lang='lat' dir='ltr'>ursi.</span> <span class='ocrx_word' id='word_1_38' title='bbox 869 982 872 988; x_wconf 84' lang='grc'><strong>’</strong></span> 
     </span>
    </p>
   </div>
   <div class='ocr_carea' id='block_1_4' title="bbox 92 1096 1137 4104">
    <p class='ocr_par' dir='ltr' id='par_1_4' title="bbox 113 1096 1104 1679">
     <span class='ocr_line' id='line_1_7' title="bbox 164 1096 1063 1199; baseline -0.001 -28"><span class='ocrx_word' id='word_1_39' title='bbox 164 1106 227 1173; x_wconf 87' lang='lat' dir='ltr'>Vis</span> <span class='ocrx_word' id='word_1_40' title='bbox 245 1104 359 1173; x_wconf 86' lang='lat' dir='ltr'>eadem</span> <span class='ocrx_word' id='word_1_41' title='bbox 375 1096 543 1172; x_wconf 75' lang='lat' dir='ltr'>OEnidae&#39;:</span> <span class='ocrx_word' id='word_1_42' title='bbox 562 1128 622 1173; x_wconf 90' lang='lat' dir='ltr'>nec</span> <span class='ocrx_word' id='word_1_43' title='bbox 641 1097 727 1191; x_wconf 83' lang='lat' dir='ltr'>sole,</span> <span class='ocrx_word' id='word_1_44' title='bbox 748 1120 807 1172; x_wconf 90' lang='lat' dir='ltr'>aut</span> <span class='ocrx_word' id='word_1_45' title='bbox 827 1102 963 1199; x_wconf 86' lang='lat' dir='ltr'>pulvere</span> <span class='ocrx_word' id='word_1_46' title='bbox 980 1103 1063 1171; x_wconf 80' lang='lat' dir='ltr'>fessa</span> 
     </span>
     <span class='ocr_line' id='line_1_8' title="bbox 113 1206 1104 1321; baseline -0.002 -27"><span class='ocrx_word' id='word_1_47' title='bbox 113 1226 270 1294; x_wconf 83' lang='lat' dir='ltr'>Membra</span> <span class='ocrx_word' id='word_1_48' title='bbox 287 1222 422 1293; x_wconf 85' lang='lat' dir='ltr'>labant:</span> <span class='ocrx_word' id='word_1_49' title='bbox 444 1225 528 1319; x_wconf 90' lang='lat' dir='ltr'>riget</span> <span class='ocrx_word' id='word_1_50' title='bbox 543 1239 636 1293; x_wconf 89' lang='lat' dir='ltr'>arcta</span> <span class='ocrx_word' id='word_1_51' title='bbox 653 1225 757 1313; x_wconf 91' lang='lat' dir='ltr'>cutis,</span> <span class='ocrx_word' id='word_1_52' title='bbox 775 1224 932 1321; x_wconf 91' lang='lat' dir='ltr'>durisque</span> <span class='ocrx_word' id='word_1_53' title='bbox 952 1206 1104 1293; x_wconf 87' lang='lat' dir='ltr'>laborum</span> 
     </span>
     <span class='ocr_line' id='line_1_9' title="bbox 115 1336 854 1439; baseline -0.005 -23"><span class='ocrx_word' id='word_1_54' title='bbox 115 1336 286 1438; x_wconf 82' lang='lat' dir='ltr'>Castigata</span> <span class='ocrx_word' id='word_1_55' title='bbox 304 1345 385 1412; x_wconf 90' lang='lat' dir='ltr'>toris</span> <span class='ocrx_word' id='word_1_56' title='bbox 405 1369 413 1411; x_wconf 76' lang='grc' dir='ltr'><strong><em>ε</em></strong></span> <span class='ocrx_word' id='word_1_57' title='bbox 432 1359 547 1413; x_wconf 85' lang='lat' dir='ltr'>contra</span> <span class='ocrx_word' id='word_1_58' title='bbox 565 1368 633 1413; x_wconf 88' lang='lat' dir='ltr'>non</span> <span class='ocrx_word' id='word_1_59' title='bbox 652 1346 780 1439; x_wconf 82' lang='lat' dir='ltr'>integer</span> <span class='ocrx_word' id='word_1_60' title='bbox 798 1343 854 1412; x_wconf 89' lang='lat' dir='ltr'>ille</span> 
     </span>
     <span class='ocr_line' id='line_1_10' title="bbox 116 1463 847 1558; baseline -0.001 -24"><span class='ocrx_word' id='word_1_61' title='bbox 116 1464 265 1534; x_wconf 86' lang='lat' dir='ltr'>Flatibus</span> <span class='ocrx_word' id='word_1_62' title='bbox 281 1463 416 1532; x_wconf 80' lang='lat' dir='ltr'>alternis</span> <span class='ocrx_word' id='word_1_63' title='bbox 434 1489 587 1558; x_wconf 84' lang='lat' dir='ltr'>aegroque</span> <span class='ocrx_word' id='word_1_64' title='bbox 605 1464 734 1533; x_wconf 84' lang='lat' dir='ltr'>cffoetus</span> <span class='ocrx_word' id='word_1_65' title='bbox 753 1465 847 1533; x_wconf 89' lang='lat' dir='ltr'>hiatu</span> 
     </span>
     <span class='ocr_line' id='line_1_11' title="bbox 116 1582 802 1679; baseline 0 -24"><span class='ocrx_word' id='word_1_66' title='bbox 116 1588 218 1655; x_wconf 81' lang='lat' dir='ltr'>Exuit</span> <span class='ocrx_word' id='word_1_67' title='bbox 235 1586 379 1679; x_wconf 84' lang='lat' dir='ltr'>ingestas</span> <span class='ocrx_word' id='word_1_68' title='bbox 398 1584 503 1657; x_wconf 78' lang='lat' dir='ltr'>fluvio</span> <span class='ocrx_word' id='word_1_69' title='bbox 518 1582 648 1654; x_wconf 86' lang='lat' dir='ltr'>sudoris</span> <span class='ocrx_word' id='word_1_70' title='bbox 669 1610 802 1674; x_wconf 83' lang='lat' dir='ltr'>arenas,</span> 
     </span>
    </p>

    <p class='ocr_par' dir='ltr' id='par_1_5' title="bbox 118 1705 866 1799">
     <span class='ocr_line' id='line_1_12' title="bbox 118 1705 866 1799; baseline -0.003 -24"><span class='ocrx_word' id='word_1_71' title='bbox 118 1710 165 1775; x_wconf 85' lang='lat' dir='ltr'>Ac</span> <span class='ocrx_word' id='word_1_72' title='bbox 182 1705 298 1774; x_wconf 86' lang='lat' dir='ltr'>furtim</span> <span class='ocrx_word' id='word_1_73' title='bbox 318 1718 414 1798; x_wconf 91' lang='lat' dir='ltr'>rapta</span> <span class='ocrx_word' id='word_1_74' title='bbox 434 1718 594 1774; x_wconf 87' lang='lat' dir='ltr'>sustentat</span> <span class='ocrx_word' id='word_1_75' title='bbox 612 1721 747 1799; x_wconf 79' lang='lat' dir='ltr'>pectora</span> <span class='ocrx_word' id='word_1_76' title='bbox 768 1721 866 1774; x_wconf 91' lang='lat' dir='ltr'>terra.</span> 
     </span>
    </p>

    <p class='ocr_par' dir='ltr' id='par_1_6' title="bbox 92 1816 1072 2528">
     <span class='ocr_line' id='line_1_13' title="bbox 164 1816 1072 1923; baseline -0.003 -26"><span class='ocrx_word' id='word_1_77' title='bbox 164 1826 273 1897; x_wconf 84' lang='lat' dir='ltr'>Instat</span> <span class='ocrx_word' id='word_1_78' title='bbox 285 1848 385 1923; x_wconf 83' lang='lat' dir='ltr'>egens</span> <span class='ocrx_word' id='word_1_79' title='bbox 406 1825 555 1918; x_wconf 88' lang='lat' dir='ltr'>Tydeus,</span> <span class='ocrx_word' id='word_1_80' title='bbox 574 1816 754 1921; x_wconf 85' lang='lat' dir='ltr'>fictumque</span> <span class='ocrx_word' id='word_1_81' title='bbox 773 1829 808 1895; x_wconf 93' lang='lat' dir='ltr'>in</span> <span class='ocrx_word' id='word_1_82' title='bbox 826 1824 911 1895; x_wconf 91' lang='lat' dir='ltr'>colla</span> <span class='ocrx_word' id='word_1_83' title='bbox 929 1828 1072 1896; x_wconf 88' lang='lat' dir='ltr'>minatus</span> 
     </span>
     <span class='ocr_line' id='line_1_14' title="bbox 119 1946 869 2041; baseline -0.004 -22"><span class='ocrx_word' id='word_1_84' title='bbox 119 1953 228 2019; x_wconf 87' lang='lat' dir='ltr'>Crura</span> <span class='ocrx_word' id='word_1_85' title='bbox 246 1948 359 2017; x_wconf 89' lang='lat' dir='ltr'>subit:</span> <span class='ocrx_word' id='word_1_86' title='bbox 378 1946 493 2041; x_wconf 86' lang='lat' dir='ltr'>coeptis</span> <span class='ocrx_word' id='word_1_87' title='bbox 511 1970 579 2016; x_wconf 92' lang='lat' dir='ltr'>non</span> <span class='ocrx_word' id='word_1_88' title='bbox 599 1946 751 2017; x_wconf 63' lang='lat' dir='ltr'>evaluere</span> <span class='ocrx_word' id='word_1_89' title='bbox 768 1948 869 2041; x_wconf 89' lang='lat' dir='ltr'>potiri</span> 
     </span>
     <span class='ocr_line' id='line_1_15' title="bbox 92 2064 962 2141; baseline -0.005 -1"><span class='ocrx_word' id='word_1_90' title='bbox 92 2072 93 2075; x_wconf 64' lang='grc'>’</span> <span class='ocrx_word' id='word_1_91' title='bbox 119 2064 479 2141; x_wconf 75' lang='lat' dir='ltr'>Frustratae&#39;brevitate</span> <span class='ocrx_word' id='word_1_92' title='bbox 497 2093 639 2138; x_wconf 87' lang='lat' dir='ltr'>manus:</span> <span class='ocrx_word' id='word_1_93' title='bbox 658 2069 751 2138; x_wconf 86' lang='lat' dir='ltr'>venit</span> <span class='ocrx_word' id='word_1_94' title='bbox 766 2067 889 2137; x_wconf 89' lang='lat' dir='ltr'>arduus</span> <span class='ocrx_word' id='word_1_95' title='bbox 907 2067 962 2136; x_wconf 88' lang='lat' dir='ltr'>ille</span> 
     </span>
     <span class='ocr_line' id='line_1_16' title="bbox 119 2188 951 2286; baseline -0.007 -24"><span class='ocrx_word' id='word_1_96' title='bbox 119 2195 283 2286; x_wconf 84' lang='lat' dir='ltr'>Desuper,</span> <span class='ocrx_word' id='word_1_97' title='bbox 303 2209 563 2285; x_wconf 88' lang='lat' dir='ltr'>oppressumque</span> <span class='ocrx_word' id='word_1_98' title='bbox 582 2191 723 2284; x_wconf 88' lang='lat' dir='ltr'>ingentis</span> <span class='ocrx_word' id='word_1_99' title='bbox 741 2188 829 2261; x_wconf 90' lang='lat' dir='ltr'>mole</span> <span class='ocrx_word' id='word_1_100' title='bbox 845 2190 951 2258; x_wconf 85' lang='lat' dir='ltr'>ruinae</span> 
     </span>
     <span class='ocr_line' id='line_1_17' title="bbox 120 2306 925 2381; baseline -0.002 0"><span class='ocrx_word' id='word_1_101' title='bbox 120 2310 302 2381; x_wconf 84' lang='lat' dir='ltr'>Condidit:</span> <span class='ocrx_word' id='word_1_102' title='bbox 320 2310 412 2380; x_wconf 88' lang='lat' dir='ltr'>haud</span> <span class='ocrx_word' id='word_1_103' title='bbox 431 2309 526 2379; x_wconf 89' lang='lat' dir='ltr'>aliter</span> <span class='ocrx_word' id='word_1_104' title='bbox 544 2308 637 2380; x_wconf 88' lang='lat' dir='ltr'>collis</span> <span class='ocrx_word' id='word_1_105' title='bbox 656 2306 925 2381; x_wconf 52' lang='lat' dir='ltr'>scrutator’lberi</span> 
     </span>
     <span class='ocr_line' id='line_1_18' title="bbox 119 2428 1028 2528; baseline -0.002 -27"><span class='ocrx_word' id='word_1_106' title='bbox 119 2433 234 2523; x_wconf 88' lang='lat' dir='ltr'>Quum</span> <span class='ocrx_word' id='word_1_107' title='bbox 252 2432 353 2503; x_wconf 92' lang='lat' dir='ltr'>subiit</span> <span class='ocrx_word' id='word_1_108' title='bbox 363 2428 379 2522; x_wconf 84' lang='lat'>,&#39;</span> <span class='ocrx_word' id='word_1_109' title='bbox 392 2431 556 2528; x_wconf 83' lang='lat' dir='ltr'>longeque</span> <span class='ocrx_word' id='word_1_110' title='bbox 574 2432 677 2520; x_wconf 90' lang='lat' dir='ltr'>diem,</span> <span class='ocrx_word' id='word_1_111' title='bbox 693 2433 861 2526; x_wconf 82' lang='lat' dir='ltr'>vitamque</span> <span class='ocrx_word' id='word_1_112' title='bbox 874 2430 1028 2526; x_wconf 88' lang='lat' dir='ltr'>reliquit,</span> 
     </span>
    </p>

    <p class='ocr_par' dir='ltr' id='par_1_7' title="bbox 119 2551 1083 3015">
     <span class='ocr_line' id='line_1_19' title="bbox 119 2551 1029 2648; baseline -0.003 -25"><span class='ocrx_word' id='word_1_113' title='bbox 119 2555 153 2623; x_wconf 92' lang='lat' dir='ltr'>Si</span> <span class='ocrx_word' id='word_1_114' title='bbox 170 2555 310 2622; x_wconf 85' lang='lat' dir='ltr'>tremuit</span> <span class='ocrx_word' id='word_1_115' title='bbox 328 2579 503 2648; x_wconf 85' lang='lat' dir='ltr'>suspensus</span> <span class='ocrx_word' id='word_1_116' title='bbox 523 2577 617 2648; x_wconf 87' lang='lat' dir='ltr'>ager,</span> <span class='ocrx_word' id='word_1_117' title='bbox 632 2553 843 2647; x_wconf 90' lang='lat' dir='ltr'>subitumque</span> <span class='ocrx_word' id='word_1_118' title='bbox 861 2551 1029 2647; x_wconf 83' lang='lat' dir='ltr'>fragorem</span> 
     </span>
     <span class='ocr_line' id='line_1_20' title="bbox 119 2671 946 2773; baseline -0.006 -28"><span class='ocrx_word' id='word_1_119' title='bbox 119 2678 233 2773; x_wconf 88' lang='lat' dir='ltr'>Rupta</span> <span class='ocrx_word' id='word_1_120' title='bbox 250 2671 343 2742; x_wconf 86' lang='lat' dir='ltr'>dedit</span> <span class='ocrx_word' id='word_1_121' title='bbox 363 2673 479 2763; x_wconf 89' lang='lat' dir='ltr'>tellus,</span> <span class='ocrx_word' id='word_1_122' title='bbox 498 2671 580 2743; x_wconf 85' lang='lat' dir='ltr'>latet</span> <span class='ocrx_word' id='word_1_123' title='bbox 596 2677 686 2743; x_wconf 91' lang='lat' dir='ltr'>intus</span> <span class='ocrx_word' id='word_1_124' title='bbox 705 2679 820 2743; x_wconf 84' lang='lat' dir='ltr'>monte</span> <span class='ocrx_word' id='word_1_125' title='bbox 837 2671 946 2742; x_wconf 87' lang='lat' dir='ltr'>soluto</span> 
     </span>
     <span class='ocr_line' id='line_1_21' title="bbox 120 2792 1083 2891; baseline -0.009 -23"><span class='ocrx_word' id='word_1_126' title='bbox 120 2798 290 2887; x_wconf 81' lang='lat' dir='ltr'>Obrutus,</span> <span class='ocrx_word' id='word_1_127' title='bbox 310 2821 349 2865; x_wconf 91' lang='lat' dir='ltr'>ac</span> <span class='ocrx_word' id='word_1_128' title='bbox 367 2797 498 2891; x_wconf 88' lang='lat' dir='ltr'>penitus</span> <span class='ocrx_word' id='word_1_129' title='bbox 518 2795 660 2866; x_wconf 85' lang='lat' dir='ltr'>fractum</span> <span class='ocrx_word' id='word_1_130' title='bbox 678 2794 925 2888; x_wconf 91' lang='lat' dir='ltr'>obductumque</span> <span class='ocrx_word' id='word_1_131' title='bbox 941 2792 1083 2862; x_wconf 84' lang='lat' dir='ltr'>cadaver</span> 
     </span>
     <span class='ocr_line' id='line_1_22' title="bbox 121 2913 1051 3015; baseline -0.009 -27"><span class='ocrx_word' id='word_1_132' title='bbox 121 2918 356 3015; x_wconf 88' lang='lat' dir='ltr'>Indignantem</span> <span class='ocrx_word' id='word_1_133' title='bbox 371 2918 519 2987; x_wconf 91' lang='lat' dir='ltr'>animum</span> <span class='ocrx_word' id='word_1_134' title='bbox 533 2919 677 3012; x_wconf 88' lang='lat' dir='ltr'>propriis</span> <span class='ocrx_word' id='word_1_135' title='bbox 697 2942 766 2985; x_wconf 95' lang='lat' dir='ltr'>non</span> <span class='ocrx_word' id='word_1_136' title='bbox 780 2914 926 2985; x_wconf 89' lang='lat' dir='ltr'>reddidit</span> <span class='ocrx_word' id='word_1_137' title='bbox 944 2913 1051 2983; x_wconf 87' lang='lat' dir='ltr'>astris.</span> 
     </span>
    </p>

    <p class='ocr_par' dir='ltr' id='par_1_8' title="bbox 121 3039 1137 4104">
     <span class='ocr_line' id='line_1_23' title="bbox 168 3039 1137 3134; baseline -0.009 -24"><span class='ocrx_word' id='word_1_138' title='bbox 168 3041 289 3110; x_wconf 83' lang='lat' dir='ltr'>Acrior</span> <span class='ocrx_word' id='word_1_139' title='bbox 307 3039 372 3109; x_wconf 89' lang='lat' dir='ltr'>hoe</span> <span class='ocrx_word' id='word_1_140' title='bbox 389 3039 540 3134; x_wconf 83' lang='lat' dir='ltr'>Tydeus,</span> <span class='ocrx_word' id='word_1_141' title='bbox 559 3039 744 3132; x_wconf 89' lang='lat' dir='ltr'>animisque</span> <span class='ocrx_word' id='word_1_142' title='bbox 762 3052 794 3106; x_wconf 91' lang='lat' dir='ltr'>et</span> <span class='ocrx_word' id='word_1_143' title='bbox 813 3050 946 3131; x_wconf 87' lang='lat' dir='ltr'>pectore</span> <span class='ocrx_word' id='word_1_144' title='bbox 961 3043 1064 3128; x_wconf 86' lang='lat' dir='ltr'>supra</span> <span class='ocrx_word' id='word_1_145' title='bbox 1076 3049 1137 3102; x_wconf 90' lang='lat' dir='ltr'>est.</span> 
     </span>
     <span class='ocr_line' id='line_1_24' title="bbox 121 3157 1019 3253; baseline -0.007 -23"><span class='ocrx_word' id='word_1_146' title='bbox 121 3162 192 3230; x_wconf 88' lang='lat' dir='ltr'>Nec</span> <span class='ocrx_word' id='word_1_147' title='bbox 209 3185 320 3248; x_wconf 90' lang='lat' dir='ltr'>mora,</span> <span class='ocrx_word' id='word_1_148' title='bbox 341 3185 417 3230; x_wconf 88' lang='lat' dir='ltr'>cum</span> <span class='ocrx_word' id='word_1_149' title='bbox 437 3157 554 3228; x_wconf 86' lang='lat' dir='ltr'>vinclis</span> <span class='ocrx_word' id='word_1_150' title='bbox 573 3161 733 3253; x_wconf 84' lang='lat' dir='ltr'>onerique</span> <span class='ocrx_word' id='word_1_151' title='bbox 752 3157 884 3253; x_wconf 85' lang='lat' dir='ltr'>elapsus</span> <span class='ocrx_word' id='word_1_152' title='bbox 902 3157 1019 3248; x_wconf 90' lang='lat' dir='ltr'>iniquo</span> 
     </span>
     <span class='ocr_line' id='line_1_25' title="bbox 123 3278 1057 3377; baseline -0.005 -27"><span class='ocrx_word' id='word_1_153' title='bbox 123 3283 291 3350; x_wconf 90' lang='lat' dir='ltr'>Circumit</span> <span class='ocrx_word' id='word_1_154' title='bbox 305 3297 493 3371; x_wconf 86' lang='lat' dir='ltr'>errantem,</span> <span class='ocrx_word' id='word_1_155' title='bbox 512 3295 545 3350; x_wconf 92' lang='lat' dir='ltr'>et</span> <span class='ocrx_word' id='word_1_156' title='bbox 562 3295 657 3377; x_wconf 86' lang='lat' dir='ltr'>tergo</span> <span class='ocrx_word' id='word_1_157' title='bbox 678 3306 741 3350; x_wconf 88' lang='lat' dir='ltr'>nec</span> <span class='ocrx_word' id='word_1_158' title='bbox 760 3282 880 3375; x_wconf 91' lang='lat' dir='ltr'>opinus</span> <span class='ocrx_word' id='word_1_159' title='bbox 897 3278 1057 3348; x_wconf 73' lang='lat' dir='ltr'>inhaeret:</span> 
     </span>
     <span class='ocr_line' id='line_1_26' title="bbox 122 3399 1018 3497; baseline 0 -27"><span class='ocrx_word' id='word_1_160' title='bbox 122 3405 204 3470; x_wconf 85' lang='lat' dir='ltr'>Mox</span> <span class='ocrx_word' id='word_1_161' title='bbox 221 3399 327 3491; x_wconf 89' lang='lat' dir='ltr'>latus,</span> <span class='ocrx_word' id='word_1_162' title='bbox 347 3417 381 3470; x_wconf 92' lang='lat' dir='ltr'>et</span> <span class='ocrx_word' id='word_1_163' title='bbox 400 3401 496 3470; x_wconf 88' lang='lat' dir='ltr'>firmo</span> <span class='ocrx_word' id='word_1_164' title='bbox 515 3399 603 3472; x_wconf 88' lang='lat' dir='ltr'>celer</span> <span class='ocrx_word' id='word_1_165' title='bbox 622 3400 771 3497; x_wconf 91' lang='lat' dir='ltr'>implicat</span> <span class='ocrx_word' id='word_1_166' title='bbox 789 3399 845 3469; x_wconf 87' lang='lat' dir='ltr'>ilie</span> <span class='ocrx_word' id='word_1_167' title='bbox 863 3426 970 3488; x_wconf 73' lang='lat' dir='ltr'>nexu,</span> <span class='ocrx_word' id='word_1_168' title='bbox 1015 3431 1018 3434; x_wconf 45' lang='lat'><strong>⁴</strong></span> 
     </span>
     <span class='ocr_line' id='line_1_27' title="bbox 122 3519 985 3618; baseline -0.005 -26"><span class='ocrx_word' id='word_1_169' title='bbox 122 3521 310 3618; x_wconf 89' lang='lat' dir='ltr'>Poplitibus</span> <span class='ocrx_word' id='word_1_170' title='bbox 329 3519 437 3618; x_wconf 88' lang='lat' dir='ltr'>genua</span> <span class='ocrx_word' id='word_1_171' title='bbox 454 3523 531 3591; x_wconf 90' lang='lat' dir='ltr'>inde</span> <span class='ocrx_word' id='word_1_172' title='bbox 548 3547 701 3617; x_wconf 87' lang='lat' dir='ltr'>premens</span> <span class='ocrx_word' id='word_1_173' title='bbox 719 3520 860 3591; x_wconf 88' lang='lat' dir='ltr'>evadere</span> <span class='ocrx_word' id='word_1_174' title='bbox 878 3521 985 3591; x_wconf 91' lang='lat' dir='ltr'>nodos</span> 
     </span>
     <span class='ocr_line' id='line_1_28' title="bbox 123 3642 1055 3737; baseline -0.005 -24"><span class='ocrx_word' id='word_1_175' title='bbox 123 3645 354 3737; x_wconf 85' lang='lat' dir='ltr'>Nequicquam</span> <span class='ocrx_word' id='word_1_176' title='bbox 372 3657 406 3712; x_wconf 91' lang='lat' dir='ltr'>et</span> <span class='ocrx_word' id='word_1_177' title='bbox 420 3642 514 3712; x_wconf 87' lang='lat' dir='ltr'>lateri</span> <span class='ocrx_word' id='word_1_178' title='bbox 533 3642 682 3713; x_wconf 83' lang='lat' dir='ltr'>dextram</span> <span class='ocrx_word' id='word_1_179' title='bbox 702 3645 864 3712; x_wconf 81' lang='lat' dir='ltr'>insertare</span> <span class='ocrx_word' id='word_1_180' title='bbox 882 3655 1055 3737; x_wconf 87' lang='lat' dir='ltr'>parantem</span> 
     </span>
     <span class='ocr_line' id='line_1_29' title="bbox 124 3760 1024 3858; baseline -0.002 -27"><span class='ocrx_word' id='word_1_181' title='bbox 124 3762 318 3856; x_wconf 79' lang='lat' dir='ltr'>improbus,</span> <span class='ocrx_word' id='word_1_182' title='bbox 336 3762 541 3833; x_wconf 89' lang='lat' dir='ltr'>horrendum</span> <span class='ocrx_word' id='word_1_183' title='bbox 558 3767 631 3834; x_wconf 85' lang='lat' dir='ltr'>visu</span> <span class='ocrx_word' id='word_1_184' title='bbox 650 3790 688 3834; x_wconf 90' lang='lat' dir='ltr'>ac</span> <span class='ocrx_word' id='word_1_185' title='bbox 703 3761 858 3833; x_wconf 88' lang='lat' dir='ltr'>mirabile</span> <span class='ocrx_word' id='word_1_186' title='bbox 873 3760 1024 3858; x_wconf 89' lang='lat' dir='ltr'>pondus,</span> 
     </span>
     <span class='ocr_line' id='line_1_30' title="bbox 125 3881 951 3982; baseline 0.001 -29"><span class='ocrx_word' id='word_1_187' title='bbox 125 3881 275 3953; x_wconf 85' lang='lat' dir='ltr'>Sustulit.</span> <span class='ocrx_word' id='word_1_188' title='bbox 297 3883 467 3956; x_wconf 89' lang='lat' dir='ltr'>Herculeis</span> <span class='ocrx_word' id='word_1_189' title='bbox 479 3882 630 3982; x_wconf 85' lang='lat' dir='ltr'>pressum</span> <span class='ocrx_word' id='word_1_190' title='bbox 649 3889 696 3956; x_wconf 90' lang='lat' dir='ltr'>sic</span> <span class='ocrx_word' id='word_1_191' title='bbox 714 3884 803 3954; x_wconf 83' lang='lat' dir='ltr'>fama</span> <span class='ocrx_word' id='word_1_192' title='bbox 818 3882 951 3954; x_wconf 84' lang='lat' dir='ltr'>lacertis</span> 
     </span>
     <span class='ocr_line' id='line_1_31' title="bbox 126 4006 1050 4104; baseline -0.001 -33"><span class='ocrx_word' id='word_1_193' title='bbox 126 4006 344 4100; x_wconf 87' lang='lat' dir='ltr'>Terrigenam</span> <span class='ocrx_word' id='word_1_194' title='bbox 361 4007 495 4078; x_wconf 86' lang='lat' dir='ltr'>sudasse</span> <span class='ocrx_word' id='word_1_195' title='bbox 513 4009 639 4104; x_wconf 81' lang='lat' dir='ltr'>Libyn,</span> <span class='ocrx_word' id='word_1_196' title='bbox 659 4033 762 4101; x_wconf 90' lang='lat' dir='ltr'>quum</span> <span class='ocrx_word' id='word_1_197' title='bbox 782 4007 898 4076; x_wconf 80' lang='lat' dir='ltr'>fraude</span> <span class='ocrx_word' id='word_1_198' title='bbox 919 4015 1050 4098; x_wconf 82' lang='lat' dir='ltr'>reperta</span> 
     </span>
    </p>
   </div>
   <div class='ocr_carea' id='block_1_5' title="bbox 0 0 1489 4950">
    <p class='ocr_par' dir='ltr' id='par_1_9' title="bbox 0 0 1489 4950">
     <span class='ocr_line' id='line_1_32' title="bbox 0 0 1489 4950; baseline 0 0"><span class='ocrx_word' id='word_1_199' title='bbox 0 0 1489 4950; x_wconf 95' lang='lat' dir='ltr'> </span> 
     </span>
    </p>
   </div>
  </div>
 </body>
</html>
