2934 4950
53 511 87 572 (τ.
100 509 155 570 ⁵⁵.)
370 503 584 560 Ttmuttuos
605 503 715 560 LIBER
734 499 800 559 ΧΠ.
1049 500 1105 557 233

54 634 188 730 Ogygii
205 655 340 700 manes:
359 632 513 724 queritur
530 629 718 699 miserabile
736 629 877 702 Graium
1044 708 1046 717 y

53 753 162 826 Nuda
178 753 319 839 cohors,
337 753 542 844 vetitumque
557 775 692 846 gemens
703 747 921 820 circumvolat
933 749 1056 844 ignem.

55 876 195 971 Accipit
206 889 240 944 et
257 873 333 942 sevi
349 895 463 945 manes
477 868 622 942 Eteoelis
637 871 771 966 iniquos

53 994 330 1090 Haudquaquam
344 991 464 1087 regalis
479 991 606 1078 honos3
623 992 768 1086 Argivus
782 991 897 1060 haberi

56 1124 180 1190 Frater
193 1118 304 1211 jussus
318 1113 445 1200 adhuc,
465 1127 565 1206 atque
581 1110 693 1182 exsule
704 1109 844 1208 pellitur
861 1112 989 1182 umbra.

109 1243 156 1310 At
170 1262 239 1306 non
257 1234 388 1330 plebeio
408 1232 536 1302 fumare
553 1235 726 1302 Menoecea
742 1232 843 1302 busto

57 1366 136 1430 Rex
156 1360 289 1455 genitor
308 1355 494 1448 Thetaeque
508 1353 649 1422 sinunt:
672 1377 737 1424 nec
755 1354 878 1448 robora
895 1333 994 1422 vilem

57 1485 267 1550 struxerunt
286 1476 328 1546 de
345 1499 439 1545 more
454 1497 575 1568 rogum
596 1498 603 1540 :
621 1472 681 1545 sed
696 1469 836 1542 bellicus
851 1495 955 1568 agger

57 1599 250 1687 Curribus,
270 1573 303 1667 et
321 1594 462 1690 clypeis,
478 1594 726 1686 Graiorumque
739 1592 895 1663 omnibus
911 1595 1011 1662 armis

57 1721 253 1792 Sternitur:
270 1714 630 1820 hostilessuperipse,
650 1730 689 1784 ut
701 1715 820 1803 vietor,
839 1737 990 1798 acervos,

57 1840 213 1913 Pacifera
227 1837 326 1909 -lauro
340 1837 640 1931 crinemvittisque
656 1835 815 1920 decorus,

59 1961 215 2035 Accubat
235 1987 243 2030 ε
263 1959 353 2032 haud
371 1957 479 2047 aliter,
499 1981 599 2053 quum
613 1981 717 2052 quum
734 1957 949 2053 posoentibns
962 1959 1062 2029 nstris

61 2088 176 2154 Laetus
188 2083 223 2150 in
236 2101 371 2152 accensa
386 2081 492 2174 jacuit
507 2079 702 2172 Tirynthius
718 2082 819 2150 otu.

63 2206 235 2300 spirantes
252 2225 352 2296 super
370 2199 504 2270 inferias
525 2193 656 2293 captiva
673 2196 849 2295 Pelasgum

62 2328 232 2419 Corpora,
253 2323 465 2414 frenatosque
483 2334 590 2415 pater,
608 2317 746 2405 solatia,
765 2321 867 2389 fortes

62 2443 257 2531 Bellorum,
274 2442 444 2515 mactabat
460 2467 565 2536 equos
586 2441 661 2516 this
679 2439 806 2511 arduus
824 2442 912 2538 ignis

62 2566 226 2661 Palpitat,
246 2578 280 2633 et
295 2566 436 2660 gemitus
450 2562 585 2633 tandem
604 2584 746 2656 erupere
761 2565 890 2657 paterni
914 2590 922 2631 ε

114 2718 131 2753 a
145 2692 193 2775 O,
211 2688 276 2756 nisi
289 2686 523 2781 magnanimus
542 2698 643 2753 tantae
665 2698 699 2753 te
717 2682 825 2754 laudis
842 2686 967 2753 inisset-

63 2809 187 2897 Ardor,
205 2807 385 2877 Echionios
399 2830 534 2895 mecum
552 2804 739 2875 venerande
755 2820 922 2899 penates,

64 2936 177 3023 Atque
192 2926 299 3016 ultra,
320 2942 450 2997 recture
468 2950 552 3021 puer
573 2926 765 3003 :venientia
783 2928 841 3021 qui
862 2950 951 2996 nnnc

62 3046 198 3118 Gaudia
212 3062 245 3117 et
259 3049 426 3143 ingratum
446 3030 540 3141 regni
558 3048 641 3117 mihi
654 3070 778 3118 munus
796 3047 931 3116 acerbas
950 3073 959 3114 ε

62 3173 138 3257 Τιι,
155 3149 320 3263 Superum
338 3193 487 3240 convexa
497 3156 584 3267 'licet
601 3184 773 3263 coetusqne
789 3172 951 3263 perenni,

63 3288 183 3369 Credo·
195 3289 365 3383 equidem,
383 3292 506 3360 virtute
523 3290 631 3377 colas,
650 3291 732 3359 mihi
750 3287 859 3359 flebile
875 3275 1007 3381 semper

62 3413 199 3481 Numen
219 3411 283 3505 eris
300 3437 308 3477 ε
326 3426 452 3505 ponant
468 3436 559 3498 aras,
576 3410 771 3504 excelsaque
789 3409 911 3479 Theba

62 3529 205 3625 Templa
218 3530 328 3601 dicent
349 3556 357 3599 ι
379 3535 438 3600 uni
454 3532 502 3601 sas
519 3533 562 3603 sit
571 3531 694 3628 ingere
712 3532 857 3625 parenti.⁴

63 3659 107 3725 Et
125 3678 217 3723 nuno
232 3653 297 3723 heu
312 3666 386 3748 qu'ae
399 3654 501 3750 digna
523 3656 583 3725 tibi
600 3654 779 3738 solemnia,
796 3678 920 3747 quasve

63 3776 211 3869 Largiar
227 3774 419 3869 exsequias?
436 3800 505 3845 neo·
515 3777 543 3844 si
566 3772 664 3845 fatale
671 3788 824 3869 potestas
938 3792 942 3798 ’

63 3900 176 3988 Argos
196 3910 229 3964 et
244 3893 523 3990 impulsas-cineri
542 3896 680 3967 miscere
693 3898 866 3989 Mycenas,

64 4018 192 4109 Meque
210 4040 322 4109 super,
338 4019 399 4111 cui
412 4018 481 4085 vita
500 4013 643 4112 (nefasl)
660 4030 694 4086 et
714 4018 876 4111 sanguino
892 4022 962 4088 nati
989 4053 991 4056 ·

67 4142 189 4205 Partus
207 4135 324 4205 honos.
347 4137 516 4207 Eademne
536 4138 627 4227 dies,
647 4136 763 4207 eadem
780 4139 883 4234 impia
896 4138 999 4208 britn-
