2934 4950
39 302 40 387 i

39 396 40 483 i
65 481 70 491 .

38 486 40 631 p
67 489 122 530 ¹nar

38 686 39 707 i

126 474 141 536 .)
363 470 558 526 savarum
577 471 687 528 LIBER
710 471 757 527 1v.

141 598 179 665 Et
191 596 319 689 campis
341 597 405 666 iter
418 621 517 666 amne
532 595 720 684 detinente,

139 719 270 810 Longos
289 717 405 785 eximit
422 718 588 803 ambitus,
609 741 765 811 novoque

137 837 264 928 lnjectu
280 834 402 904 solidat
420 859 536 930 graves
554 860 692 922 arenas3
737 899 741 914 ,
808 835 812 847 '

38 956 39 999 ³
139 953 297 1024 Gaudens
311 955 466 1025 Euboicae
480 954 618 1024 domum
634 954 786 1050 sibyltae,

141 1078 382 1168 Gauranosque
398 1076 510 1163 sinus,
527 1089 561 1144 et
578 1089 752 1146 aestuantes

140 1199 271 1290 Septem
288 1175 458 1266 montibus
474 1195 653 1266 admovere
667 1199 774 1267 Baias.

184 1317 249 1385 Hic
266 1314 436 1409 quondam
455 1317 550 1410 piger
566 1341 627 1386 axe
642 1330 755 1386 rectus
776 1315 844 1385 udo

143 1437 288 1504 Nutabat
306 1460 405 1504 cruce
422 1435 570 1530 pendula
588 1438 715 1522 viator,

144 1555 367 1650 Sorbebatque
386 1571 475 1626 rotas
494 1555 640 1650 maligna
661 1553 777 1639 tellus;

146 1681 184 1745 Et
202 1674 297 1772 plebs
317 1677 353 1744 in
372 1675 489 1746 mediis
508 1677 628 1745 Latina
646 1677 772 1769 campis

145 1797 307 1865 Horrebat
321 1794 408 1866 mala
424 1797 666 1890 navigationis3

146 1918 212 1987 Nec
230 1940 349 1986 cursus
370 1914 493 2011 agiles,
513 1931 546 1984 et
561 1915 756 2011 impeditum

145 2035 334 2106 Tardabant
353 2037 418 2104 iter
435 2037 550 2104 orbitae
570 2051 733 2124 tacentes,

146 2161 233 2227 Dum
250 2155 384 2252 pondus
397 2157 538 2226 nimium
555 2181 697 2250 querens
714 2157 776 2225 sub
796 2154 863 2224 alta

149 2279 247 2372 Repit
263 2275 423 2373 languida
442 2277 632 2371 quadrupes
650 2291 792 2365 statera3

150 2403 191 2472 At
205 2423 315 2487 nunc,
331 2422 405 2493 qua
422 2396 565 2468 solidum
581 2398 668 2468 diem
688 2399 830 2485 terebat,

150 2526 316 2591 Horarum
330 2519 385 2589 via
401 2520 487 2590 faeta
501 2521 559 2588 vix
576 2519 719 2590 duarum
738 2544 745 2586 :

152 2646 227 2714 Non
247 2656 348 2712 tensa
366 2639 543 2711 volucrum
562 2666 623 2735 per
640 2656 729 2711 astra
745 2662 881 2735 pennae,

153 2767 220 2835 Nec
234 2761 381 2832 velocius
397 2760 506 2848 ibitis,
522 2763 652 2831 carinae.

196 2884 260 2954 Hic
277 2884 404 2977 primus
420 2879 514 2952 labor
527 2883 685 2952 inchoare
700 2879 829 2968 sulcos,

156 3008 195 3074 Et
211 3002 401 3073 rescindere
420 3001 562 3089 limites,
577 3018 611 3071 et
628 3001 697 3070 alto

34 3205 35 3228 χ
159 3128 278 3218 Egesto
293 3124 427 3218 penitus
446 3146 563 3193 cavare
579 3136 706 3191 terras:

159 3248 256 3333 Mox,
275 3244 410 3313 haustas
427 3242 524 3311 aliter
544 3240 672 3336 replere
692 3240 813 3328 fossas,

159 3368 199 3435 Et
216 3387 348 3434 summo
366 3364 530 3457 gremium
547 3386 665 3456 parare
680 3360 797 3447 dorso,

158 3489 208 3558 Ne
222 3497 346 3555 nutent
358 3481 446 3571 sola,
463 3508 506 3551 ne
520 3482 668 3577 maligna
684 3480 794 3567 sedes,

158 3612 198 3677 Et
215 3607 336 3703 pressis
355 3604 494 3675 dubium
511 3601 621 3674 cubile
640 3603 725 3671 saxis
742 3626 750 3669 :

157 3734 249 3801 Tunc
268 3728 470 3799 umbonibus
488 3728 569 3796 hinc
586 3740 620 3794 et
635 3724 716 3792 hinc
732 3719 876 3807 coactis,

160 3856 200 3922 Et
214 3852 340 3922 crebris
354 3851 419 3919 iter
434 3847 572 3944 alligare
587 3844 752 3941 gomphis.
879 3874 881 3879 v

207 3978 240 4043 Ο
258 3985 394 4068 quantae
409 3972 534 4066 pariter
552 3992 671 4037 manus
690 3960 861 4034 laborant!

162 4096 203 4165 Hi
219 4095 350 4166 caedum
371 4118 508 4180 nemus,
529 4102 737 4180 ersuuntque
754 4098 906 4169 montes,
