2934 4950
371 403 427 460 sot
745 403 1043 460 ADNOTATIONES

368 534 480 595 strage,
497 519 516 574 i.
534 537 558 575 e.
574 519 604 573 in
623 517 718 574 medio
733 519 826 589 Fero,
844 518 896 574 ubi
910 518 1002 595 togati
1020 529 1143 596 stragem
1163 520 1413 592 patiuntur,u1in

369 617 478 689 Campo
493 613 630 686 paludati.

411 709 522 782 sapui,
537 708 715 782 dianemque
727 708 833 782 putavi
845 703 882 784 (v.
902 703 979 782 117).
1002 707 1047 764 De
1063 725 1122 782 qna
1137 704 1302 764 Marklaudi
1319 727 1415 764 ernen-

368 801 485 858 datione
498 800 638 857 Weberns
649 818 656 853 ε
672 823 685 850 α
699 799 758 856 Scd
766 798 818 874 qui
835 798 896 873 ipse
907 798 967 870 jam
983 799 1062 854 Mars
1073 798 1189 856 habitus
1198 810 1252 871 est,
1266 801 1415 874 quomodo

368 903 464 966 potest
480 911 546 948 cum
559 892 703 969 ¹Ascanio,
721 909 787 948 cum
802 890 917 960 OEroilo,
939 908 1005 946 oum
1021 891 1228 966 ennenopaeo
1244 891 1314 968 (qui
1332 892 1415 949 intel-

367 986 517 1063 ligendus,
532 1005 559 1042 v.
586 986 657 1055 rad,
674 983 883 1059 pulcherrimus
902 984 1023 1040 beroam
1041 985 1078 1042 ad
1095 981 1236 1061 ditches),
1246 986 1415 1044 mortalibus

368 1078 517 1149 omnibus,
538 1075 739 1151 compararit»
756 1075 847 1132 Codd.
861 1086 890 1132 et
907 1075 973 1132 edd.
990 1089 1205 1151 :armatumque
1216 1094 1251 1150 p.
1260 1117 1269 1148 ,
1282 1075 1303 1132 i.
1319 1096 1344 1132 e.
1355 1078 1415 1133 licet

368 1170 474 1226 militiae
492 1187 583 1226 annos
602 1168 733 1226 nondum
754 1167 879 1244 tetigeris
896 1165 933 1245 (v.
948 1187 1003 1225 uss.
1024 1171 1041 1225 ⁸
1059 1165 1151 1246 sqq.),
1168 1169 1254 1223 talem
1274 1179 1375 1224 tamen
1392 1181 1416 1223 te

368 1263 537 1337 praestitisti5
550 1275 584 1318 ut
599 1283 655 1338 pro
672 1262 737 1319 viro
753 1273 781 1319 te
798 1262 936 1318 haberem
953 1262 1038 1318 armis
1055 1261 1220 1336 portandis,
1236 1271 1270 1317 ut
1279 1261 1342 1334 jam
1351 1263 1416 1318 mihi

368 1355 505 1414 videreris
518 1367 642 1414 armatus
658 1375 727 1416 esse.
747 1355 815 1413 Noli
826 1373 891 1411 cum
904 1355 1008 1412 Marld.
1025 1355 1114 1411 verba
1127 1353 1211 1410 nimis
1222 1373 1338 1430 urgere.
1354 1357 1415 1430 Seq.

368 1471 395 1507 v.
418 1451 493 1506 idem
510 1469 566 1524 pro
583 1449 698 1520 trojana
709 1453 769 1506 tela
784 1448 884 1506 meluit
899 1467 1021 1504 sar-rona
1030 1489 1040 1516 ,
1060 1448 1119 1506 ie.
1139 1449 1226 1523 tyria,
1251 1448 1413 1522 quin,Vir-

366 1542 438 1617 gilio
455 1554 586 1614 auctore,
604 1542 682 1600 Dido
704 1543 846 1600 venabula
860 1540 916 1616 ipsi
929 1542 1063 1608 dederat,
1082 1551 1113 1598 et
1132 1551 1192 1597 tum
1211 1559 1281 1596 usus
1298 1561 1362 1598 non
1380 1554 1415 1598 est

368 1637 475 1710 patriis
878 1640 883 1660 '

410 1731 604 1804 Miseramque
612 1732 697 1803 patri
699 1730 858 1805 flagrabat
870 1730 984 1786 Elisam
1004 1724 1043 1805 (v.
1068 1725 1142 1804 rao).
1161 1727 1241 1800 Quid
1258 1727 1347 1786 facias
1367 1748 1415 1786 ro

369 1825 434 1880 cula
450 1824 552 1896 patri?
574 1826 662 1880 Recte
680 1823 751 1878 mihi
768 1823 883 1879 videtur
903 1821 1055 1878 restituisse
1073 1821 1177 1876 Merkl.
1194 1841 1285 1898 puer,
1300 1823 1354 1878 sed
1371 1842 1412 1878 ce-

369 1929 431 1972 tera
447 1917 553 1973 intacta
571 1917 697 1991 relinqui
713 1917 852 1990 oportuit.
875 1917 1036 1992 Flagrabat
1053 1925 1095 1970 est
1118 1933 1215 1972 amore
1236 1915 1413 1972 incendebat.

369 2013 435 2066 Vox
441 2023 531 2084 pater
542 2029 579 2065 ex
589 2010 623 2066 iis
641 2021 683 2066 est
702 2027 766 2085 quae
780 2009 957 2085 compendiis
971 2007 1190 2066 scribebantur:
1207 2027 1297 2084 quare
1307 2029 1413 2067 errores

369 2102 399 2158 in
417 2120 450 2157 ea
464 2120 524 2158 non
541 2101 607 2157 rari.

408 2196 545 2251 Hilan's...
552 2193 650 2265 finter
661 2193 699 2272 (v.
723 2191 798 2274 126).
819 2196 912 2251 Laetus
928 2213 963 2250 er
982 2213 1100 2250 munere
1114 2193 1212 2270 aliquo
1228 2196 1395 2252 Domitiani.

410 2302 470 2374 Qui
485 2301 536 2359 tibi
547 2315 607 2358 cam
620 2315 715 2359 tenero
733 2307 770 2370 (v.
789 2302 844 2358 130
852 2298 917 2378 αφ).
932 2299 1079 2377 Significat
1093 2301 1257 2376 Crispinum
1271 2302 1350 2360 inter
1363 2306 1409 2360 sz-

369 2395 452 2453 linres
469 2396 630 2454 sacerdotes
642 2407 790 2472 receptum
810 2413 878 2452 csse.
896 2393 939 2452 Cf.
958 2398 1110 2468 Gnoson,
1126 2414 1155 2471 p.
1170 2394 1224 2454 331
1247 2417 1291 2472 sq.

413 2505 554 2559 vadoso...
571 2502 689 2579 conjuge
698 2500 740 2581 (v.
759 2498 834 2580 137).
850 2502 933 2557 Isim.
953 2502 1024 2559 Cod.
1040 2500 1127 2559 Paris.
1142 2512 1173 2559 et
1186 2502 1231 2559 cd.
1248 2522 1308 2576 pn,
1322 2522 1339 2558 e
1352 2505 1388 2579 gt
1405 2523 1410 2554 ι

313 2610 318 2617 ·
368 2598 484 2674 gurgite.
508 2650 511 2653 ,

409 2705 520 2758 Forsan
545 2715 575 2758 et
598 2722 664 2758 ense
688 2704 779 2770 latus,
808 2704 837 2757 si
857 2702 977 2757 numism
994 2701 1139 2777 principis
1159 2702 1272 2770 adsint,
1304 2702 1409 2758 Cr'rrctus

369 2792 407 2872 [v.
426 2785 481 2861 15'4
495 2792 559 2871 sq.).
577 2794 771 2867 Anprineipis
785 2794 884 2851 favore
899 2812 972 2868 opus
987 2802 1045 2865 est,
1061 2804 1170 2849 utense
1181 2793 1333 2869 cingatur?
1350 2796 1409 2851 Non

367 2886 498 2962 intelligo
518 2889 586 2943 bac.
605 2888 777 2943 Gladiumne
795 2874 998 2960 honorarium,
1011 2888 1041 2942 in
1058 2886 1206 2961 premium
1226 2887 1342 2960 datum,
1358 2906 1408 2943 vo-

364 2980 422 3035 ·lnit
436 2979 643 3035 Marklandus?
658 2978 730 3034 Loci
749 2980 786 3035 ab
802 2998 837 3036 eo
851 2978 961 3036 laudati
974 2980 1043 3035 nibil
1062 2979 1176 3036 docent.
1195 2980 1287 3037 Codd.
1308 2992 1338 3037 et
1349 2980 1408 3037 edd.

370 3074 434 3146 ipse
441 3090 498 3145 pro
511 3090 578 3127 ense
590 3091 600 3125 .·
613 3082 704 3142 reete,
718 3071 894 3149 siintelligas
908 3072 1059 3147 stipatores
1073 3072 1193 3142 dueum,
1202 3082 1235 3128 ut
1243 3074 1341 3147 paullo
1350 3084 1409 3147 post

371 3163 575 3220 delictoribus
598 3184 605 3219 τ
628 3166 707 3239 εἰπςί
727 3165 853 3240 superbit
859 3165 1001 3239 fascibus.
1021 3165 1109 3236 Quod
1129 3165 1234 3221 deiude
1258 3166 1408 3241 repositum

369 3266 424 3326 est,
438 3258 531 3331 cipro
544 3258 600 3324 ric,
619 3259 742 3314 babetur
756 3258 787 3314 in
800 3258 865 3314 cod.
885 3256 971 3316 Paris.
986 3270 1015 3315 et
1030 3259 1076 3317 ed.
1095 3278 1141 3335 pr.

411 3361 506 3418 Coetus
527 3363 625 3419 solitos
638 3360 678 3441 (v.
702 3361 779 3442 160).
803 3363 869 3437 scil.
892 3364 1055 3421 auditorum
1081 3366 1119 3421 ad
1135 3364 1327 3435 recitationes;
1347 3364 1408 3421 ride

370 3456 489 3511 bisunu.
510 3454 583 3510 Inde
601 3456 730 3512 Achilles
747 3457 822 3515 infra
843 3474 900 3532 pro
915 3457 1083 3515 Achilleide.
1105 3458 1162 3514 Hei
1171 3457 1260 3513 milei!
1277 3458 1342 3525 sed,
1357 3474 1407 3529 pro

370 3548 423 3601 sed
438 3546 489 3603 hei
506 3548 597 3603 midi!
616 3560 650 3605 nt
670 3549 822 3624 saepissime
838 3551 870 3607 in
887 3549 1028 3623 ejusmodi
1047 3550 1307 3608 exclamationibus
1324 3552 1407 3607 Recte

371 3649 516 3713 comparat
530 3641 632 3697 Markl.
652 3642 803 3711 ssebard„
817 3662 879 3714 111,
894 3644 961 3709 340.
1435 3658 1439 3664 “

410 3748 503 3803 Csasr.
519 3749 571 3803 111.
586 3749 708 3806 Carmen
720 3750 956 3825 perfectissimum
968 3752 1113 3827 longaque
1126 3768 1196 3807 cura
1207 3751 1335 3826 politum.

411 3855 537 3913 Primrrm
556 3857 685 3913 animum
701 3856 739 3935 (v.
762 3854 821 3936 34).
843 3884 856 3909 ει
876 3860 899 3915 Ι.
920 3878 943 3915 e.
967 3859 1136 3915 redeuntem
1156 3877 1173 3915 a
1192 3869 1323 3933 stupore,
1349 3877 1405 3933 quo

369 3946 472 4003 nimius
485 3948 571 4005 dolor
582 3961 706 4007 mentem
721 3952 784 4024 ejus
797 3952 1023 4009 obnubilaverat
1040 3956 1176 4023 »Gsor.,
1195 3970 1225 4027 p.
1242 3950 1304 4010 335.

410 4052 580 4126 Infaustoe...
599 4076 724 4113 novercoe
737 4054 776 4136 (r.
792 4054 850 4137 40).
865 4060 937 4116 Cod.
954 4060 1075 4138 Rhedig.
1092 4060 1236 4127 :inlecta
