2934 4950
391 363 1411 396 mmmmm*

609 727 812 833 uranu
846 725 1214 878 sueuuuus

835 1145 996 1164 *-

393 1427 560 1554 lunarat
578 1479 696 1577 gelidis
715 1481 807 1549 Maia
823 1494 914 1548 satus
929 1474 1033 1571 aliger
1051 1475 1177 1545 umbris

393 1610 489 1676 Iussa
505 1627 624 1700 gerens
644 1603 758 1696 magni
777 1614 904 1670 remeat
919 1600 1010 1668 Jovis
1027 1625 1035 1666 :
1053 1598 1203 1691 undique
1221 1598 1325 1692 pigrae

392 1731 447 1797 Ire
462 1740 577 1794 vetant
592 1724 714 1812 nubes,
732 1737 766 1790 et
783 1721 936 1791 turbidus
953 1716 1102 1813 implicat
1118 1742 1195 1788 aer:

393 1851 465 1922 Nec
481 1846 628 1943 Zephyri
643 1868 783 1940 rapuere
802 1839 962 1940 gradum,
978 1845 1035 1911 sed
1051 1840 1139 1910 foeda
1153 1838 1282 1910 silentis

393 1972 486 2038 Aura
501 1966 582 2062 poli.
599 1969 680 2061 Styx
696 1965 774 2034 inde
790 1988 913 2033 novem
930 1961 1125 2033 circumflua
1141 1961 1284 2055 campis,

393 2090 482 2158 Hine
499 2089 631 2184 objecta
650 2087 720 2155 vias
738 2100 926 2155 torrentum
942 2085 1096 2155 incendia
1115 2081 1267 2152 cludunt.

393 2213 485 2280 Pone
501 2233 600 2278 senex
616 2205 747 2302 trepida
763 2205 910 2276 suueedit
926 2208 1027 2276 Laius
1044 2205 1162 2275 umbra

394 2329 543 2401 Vulnere
561 2327 677 2398 tardus
693 2328 819 2416 adhue;
841 2325 961 2421 capulo
980 2351 1060 2396 nam
1077 2327 1202 2423 largius
1218 2324 1267 2395 illi

395 2451 586 2521 Transabiit
603 2463 709 2520 costas
724 2449 876 2545 cognatis
892 2449 1013 2519 ictibus
1024 2449 1112 2518 ensis

394 2574 537 2668 Impius,
554 2586 588 2642 et
605 2572 731 2667 primas
748 2571 925 2640 Furiarum
943 2568 1082 2664 pertulit
1095 2571 1172 2640 iras.

394 2699 426 2764 It
441 2710 568 2781 tamen,
583 2706 617 2763 et
633 2692 761 2764 medica
776 2692 888 2761 firmat
902 2692 1040 2788 vestigia
1054 2693 1158 2789 virga.
1230 2714 1234 2720 ·

394 2819 481 2885 Tum
502 2813 629 2883 steriles
648 2812 731 2900 luci,
749 2837 967 2908 possessaque
980 2812 1139 2883 Manibus
1159 2837 1258 2903 arva,

395 2940 441 3005 Et
458 2935 686 3032 ferrugineum
703 2958 823 3004 nemus
840 2932 1016 3030 adstupet,
1032 2936 1171 3030 ipsaque
1192 2933 1287 3004 tellus

395 3058 542 3127 Miratur
559 3058 707 3151 patuisse
722 3070 815 3125 retro
828 3080 837 3125 τ
850 3079 913 3125 nee
930 3054 1033 3126 livida
1048 3056 1141 3125 tabes

396 3178 551 3266 Invidiae,
567 3176 691 3248 sanctis
711 3200 907 3274 quanquam
923 3178 1041 3273 etjam
1057 3175 1185 3248 lumine
1204 3180 1322 3268 cassis,

394 3297 512 3369 Defirit
528 3324 536 3368 :
552 3323 641 3369 unus
659 3300 718 3369 ubi
733 3314 813 3370 ante
830 3296 932 3389 alios,
949 3301 1004 3370 eui
1020 3297 1103 3370 laeva
1118 3298 1273 3371 voluntas

397 3423 547 3515 Semper,
567 3435 601 3490 et
615 3419 660 3490 ad
675 3424 823 3516 Superos
840 3420 921 3492 hinc
938 3436 989 3491 est
1005 3423 1115 3517 gravis
1131 3424 1255 3513 exitus,
1269 3424 1329 3493 aevi

394 3538 562 3611 Insultare
576 3540 691 3632 malis,
710 3542 878 3637 rebusque
896 3566 1075 3640 aegreseere
1092 3540 1197 3613 laetis:

444 3694 461 3728 a
472 3662 583 3751 Vade,
601 3664 667 3753 ait,
688 3688 710 3733 ο
728 3662 824 3755 selix,
842 3688 1062 3759 quoscunque
1080 3665 1212 3735 vocaris
1228 3666 1264 3735 in
1285 3690 1373 3753 usus,

397 3788 463 3853 Seu
481 3787 573 3855 Iovis
595 3767 758 3881 imperio,
779 3811 838 3856 seu
860 3786 968 3881 major
987 3786 1099 3880 adegit
1118 3789 1263 3883 Erinnys

395 3909 450 3974 Ire
468 3905 556 3975 diem
575 3920 715 3996 contra,
731 3932 790 3978 seu
806 3921 837 3976 te
858 3908 978 3977 furiata
998 3907 1152 3979 sacerdos

396 4026 563 4097 Thessalis
583 4054 705 4099 arcano
720 4030 818 4124 jubet
832 4032 996 4127 emigrare
1016 4028 1185 4127 sepulcro,
