2934 4950
103 429 160 484 μ..)
437 417 630 476 stnvnnurr
650 421 761 477 tmen
781 424 803 478 1.

904 544 1141 569 mmmm

577 885 655 972 IV.

282 1183 493 1252 SOTERIA
521 1184 711 1254 RUTlLll
739 1186 950 1257 GALLICL

537 1559 697 1578 ιι*-

137 1859 254 1945 ans,
270 1860 305 1926 io
320 1859 456 1952 Superi,
472 1884 532 1930 nec
547 1858 752 1929 inexorabile
765 1860 888 1931 Clotho

100 1973 205 2046 Voluit
221 2003 308 2072 opus
324 2003 333 2046 ε
349 1978 440 2048 videt
456 1978 542 2049 alma
559 1981 631 2075 pios
649 1983 789 2071 Astraea,
803 1983 944 2078 Jovique

102 2096 282 2167 conciliata
297 2097 401 2188 redit3
418 2099 635 2195 dubitataque
650 2101 759 2171 sidera
772 2105 879 2172 cernit

103 2217 254 2290 Gallicus.
270 2223 316 2290 Es
331 2219 431 2308 coelo,
445 2220 495 2290 dis
510 2247 557 2311 es,
573 2225 791 2313 Germanice,
806 2223 915 2311 cordi3

103 2339 180 2427 Quis
194 2340 325 2437 neget?
339 2342 473 2411 erubuit
486 2357 582 2412 tanto
597 2342 740 2439 spoliare
755 2346 909 2414 ministro
1043 2353 1049 2370 '

103 2459 279 2555 Imperium
294 2463 444 2532 Fortuna
459 2476 563 2533 tuum.
582 2467 654 2534 Stat
669 2466 820 2561 proxima
836 2466 947 2535 cervix

103 2578 255 2651 Ponderis
276 2582 445 2672 immensi,
461 2576 685 2678 damnosaque
700 2583 757 2652 fila
771 2598 910 2653 senectae

104 2701 210 2789 Erus,
225 2717 328 2797 atque
344 2700 426 2771 alios
442 2702 559 2773 melior
574 2704 744 2773 revirescit
759 2705 795 2771 in
809 2728 924 2773 annos.

104 2823 184 2916 Ergo
198 2819 341 2908 alacres,
357 2848 431 2917 quae
446 2823 540 2919 signa
556 2821 672 2892 colunt
688 2825 831 2909 urbana,
847 2823 1019 2910 cohortes,

104 2940 204 3035 lnque
216 2924 328 3012 sinum
343 2967 418 3037 quae
431 2968 516 3037 saepe
532 2956 629 3011 tuum
645 2943 718 3012 fora
734 2943 867 3013 turbida
884 2957 1002 3039 questu

105 3062 319 3159 Coniugium,
335 3060 504 3158 legesque,
520 3063 684 3158 urbesque
701 3063 891 3158 ubicunque
906 3076 1025 3159 togatae

105 3182 183 3270 Quae
198 3198 256 3253 tua
271 3180 463 3278 longinquis
479 3180 661 3278 implorant
673 3184 751 3277 jura
765 3182 923 3277 querelis,

106 3304 234 3372 Certent
250 3300 377 3391 letitiae
395 3327 558 3397 nosseque
572 3327 611 3372 ex
626 3301 743 3372 ordine
760 3301 853 3372 collis

107 3423 308 3511 Confismat,
324 3435 357 3492 et
372 3412 490 3491 sileant
504 3416 628 3518 pejoris
645 3447 820 3493 murmura
833 3423 928 3492 famae
944 3448 953 3492 ε

105 3542 232 3638 Quippe
247 3556 381 3631 manet,
397 3540 601 3638 longumque
615 3567 685 3612 aevo
701 3541 864 3613 redermte
877 3544 1043 3631 manebit,

105 3664 208 3753 Quem
222 3688 323 3759 penes
337 3661 512 3757 intrepide
528 3664 618 3732 mitis
632 3662 783 3733 custodia
799 3668 923 3734 Romae.

105 3784 170 3854 Nec
186 3797 314 3853 tantum
329 3782 501 3852 induerint
514 3783 589 3851 fetis
605 3808 692 3851 nova
707 3781 826 3852 saecula
841 3786 989 3871 crimen,

105 3906 169 3973 Ant
184 3905 358 3975 instaurati
374 3904 559 3999 peccaverit
575 3927 632 3972 ara
647 3906 792 3973 Terenti.

147 4027 208 4107 Ast
224 4050 284 4121 ego
300 4052 363 4096 nec
378 4024 541 4096 Phoebum
557 4026 769 4124 (quanquam
784 4026 865 4095 milri
883 4024 983 4094 surda
998 4026 1068 4093 sine
1084 4022 1142 4091 illo
