2934 4950
365 443 405 498 IN
427 446 457 500 P.
480 449 510 502 Ρ.
532 449 656 506 STATll
680 453 787 510 THEB.
811 457 883 513 LlB.
906 463 940 515 V.
1124 468 1180 523 305

124 555 203 612 dane
224 557 299 613 sint:
316 562 380 616 Huc
399 582 526 621 cessasse
544 579 644 636 tenus,
662 582 729 642 etc,
746 584 855 630 tuomm
876 588 970 634 autem
988 586 1178 657 populorum,

122 661 157 703 ut
180 669 235 724 per
248 652 343 724 ipsum
367 655 404 711 ab
427 657 546 716 interitu
564 674 760 736 servatorum
775 686 812 723 an
832 671 862 724 iu
880 684 990 746 coeptu,
1011 677 1176 750 expeditio-

120 762 190 799 nem
207 746 366 804 thebanam.

518 922 558 976 IN
579 923 729 982 LIBRUM
750 930 783 982 V.

168 1116 275 1186 Qualia
293 1127 375 1173 trans
387 1131 507 1193 pontum
526 1122 563 1196 (v.
583 1143 614 1180 tt
638 1125 724 1203 sqq.).
745 1131 815 1186 «sic
833 1134 935 1210 Argivi
951 1148 1019 1209 post
1035 1138 1110 1195 sitim
1123 1144 1179 1198 laeti

119 1218 205 1263 crant
226 1219 255 1263 et
275 1210 400 1282 alacres,
420 1222 453 1268 ut
470 1213 624 1272 redeuntes
644 1236 728 1292 grues
752 1239 788 1276 ex
811 1224 938 1301 AEgypto
957 1227 989 1283 in
1014 1231 1177 1306 Thraciam,

121 1299 246 1373 quando
265 1301 381 1378 fugiunt
400 1305 523 1378 Notum,
540 1309 591 1383 qui
610 1309 640 1365 in
661 1314 790 1388 AEgypto
810 1319 933 1374 calorem
956 1323 1029 1378 aeris
1047 1335 1176 1401 tempore

119 1404 212 1469 auget
226 1395 359 1452 astatis.»
380 1399 467 1455 Lucu.
481 1419 496 1456 e
510 1400 575 1457 cod.
591 1405 678 1460 Paris.
694 1408 806 1466 emend.
823 1411 935 1468 Selenis
952 1417 1041 1473 subst.
1060 1431 1109 1476 est.
1120 1424 1175 1478 Pro

113 1485 227 1561 fugaci
242 1487 328 1544 codd.
344 1489 455 1564 aliquot
471 1512 478 1547 :
497 1497 603 1568 sagaci.

168 1580 362 1657 Quaecumque
378 1602 409 1637 es
424 1582 462 1660 (v.
485 1586 542 1664 20).
559 1589 614 1644 ΜΒ
630 1609 637 1644 :
657 1592 834 1670 quicumque.
852 1595 934 1652 Idem
948 1619 1008 1676 seq.
1024 1622 1051 1658 v.
1065 1607 1172 1674 vitum,

116 1693 179 1748 pro
185 1675 305 1744 sutum,
321 1696 386 1732 cum
401 1679 558 1736 Lactantio.

163 1770 223 1823 Illa
241 1789 295 1845 ego
310 1791 371 1828 sum
389 1771 428 1850 (v.
445 1770 502 1852 34).
518 1776 639 1850 Repone
653 1797 688 1834 ex
706 1780 787 1836 MSS.
809 1782 963 1856 Lindenbr.
981 1801 1010 1846 ct
1025 1809 1042 1845 a
1056 1793 1146 1870 Regg.
1165 1813 1171 1847 :

115 1864 177 1917 illa
198 1881 251 1938 ego
266 1883 336 1922 usu.
774 1877 778 1886 ’

82 1973 87 1981 ·
162 1959 299 2036 Florebat
311 1961 387 2015 diues
398 1963 521 2017 alumnis
536 1960 574 2039 (v.
591 1962 650 2044 54).
669 1969 724 2023 ΜΒ
741 1990 748 2023 :
767 1971 863 2027 «divis
877 1969 1000 2030 florebat
1014 1979 1172 2052 alumnis„
1278 2005 1281 2020 ·

117 2053 255 2107 Vulcano
273 2064 301 2108 et
320 2053 445 2127 Cabiris;
463 2057 514 2112 sed
527 2058 649 2114 alterum
668 2061 777 2119 melius.

161 2147 433 2220 Ingentipercusst't
441 2149 621 2223 litorapuuto
636 2149 674 2229 (v.
690 2152 750 2232 89).
766 2159 799 2211 ln
813 2159 869 2212 ΜΒ
880 2165 1065 2234 :uproecessit
1077 2166 1095 2221 l,
1106 2183 1135 2240 p.
1147 2187 1173 2221 :s

116 2239 202 2314 quod
216 2251 289 2313 puto
308 2260 407 2296 verum
425 2261 499 2312 esse,
515 2254 548 2298 ut
562 2245 785 2304 exundationem
804 2250 963 2327 designet.»
982 2257 1092 2314 Bauun.

162 2330 317 2408 Aciemquc
330 2331 426 2406 effusa
440 2338 572 2391 trementi
580 2338 727 2414 Sanguine
743 2339 782 2419 (v.
797 2340 857 2417 95).
872 2346 1024 2402 RecteMB
1039 2369 1047 2404 ε
1062 2350 1170 2422 offiuu.
1279 2367 1287 2377 ⁸

117 2426 203 2482 Idem
225 2437 292 2484 ante
313 2440 427 2497 auecta,
455 2429 473 2484 i.
493 2448 518 2485 e.
540 2441 661 2487 arrecta.
687 2433 755 2508 Seq.
776 2454 868 2493 *versu
896 2456 994 2495 omnes
1015 2441 1125 2499 Barthii
1144 2459 1172 2501 et

116 2524 192 2597 Reg.
218 2540 228 2576 ι
249 2541 305 2596 pro
323 2524 465 2579 desertum
481 2526 581 2599 legunt
593 2525 734 2597 deJectam
742 2570 751 2596 ‚
767 2532 927 2603 perculsam
942 2553 948 2587 :
963 2535 1046 2607 quod
1060 2551 1171 2595 nonest

116 2633 172 2670 cur
189 2614 334 2689 repudies.

159 2710 200 2764 Et
210 2710 304 2765 medio
313 2711 354 2765 sic
364 2730 438 2766 ausa
450 2710 571 2785 profari
583 2724 626 2769 est
638 2712 677 2792 (v.
696 2714 772 2794 103).
783 2720 961 2775 Postremum
977 2732 1020 2775 est
1035 2722 1169 2781 omittunt

116 2802 240 2879 plurimi
254 2804 378 2860 codices.
398 2806 479 2862 Unus
494 2827 502 2860 ε
520 2826 557 2861 «ε
570 2808 697 2864 medio.»

165 2900 251 2969 Quod
273 2897 394 2973 conjuge
409 2900 446 2975 (v.
470 2900 545 2976 113).
563 2901 698 2959 Meliores
714 2905 797 2960 MSS.
818 2923 918 2961 ornnes
942 2927 973 2961 τι
984 2910 1032 2964 cui
1039 2910 1132 2983 conj.,
1154 2938 1169 2964 s

115 2990 202 3066 quod
218 2990 308 3067 magis
321 2992 508 3050 rhetoricum.
523 2996 651 3050 Gronov.
666 2996 793 3070 praetulit
810 3017 891 3073 qum,
907 3018 943 3055 ex
955 3003 1116 3075 perpaucis.

159 3085 255 3141 Justos
269 3084 349 3155 cujus
358 3088 515 3160 pulsantia
529 3106 639 3144 meuses
661 3090 882 3149 Vota-mutent?
896 3091 934 3171 (v.
955 3092 1032 3173 115).
1048 3100 1166 3159 «Meta-

113 3180 212 3253 phora
235 3180 273 3236 ab
295 3180 427 3251 inclusis,
446 3180 497 3255 qui
511 3182 642 3256 pulsant,
661 3194 694 3239 ut
713 3183 859 3259 aperiatur
865 3207 874 3259 3
888 3198 917 3242 et
936 3187 984 3244 hic
1000 3202 1102 3264 partus
1121 3194 1168 3250 in-

113 3275 214 3329 clusus
234 3284 290 3344 est;
310 3294 371 3329 non
392 3284 461 3329 vota
481 3284 607 3345 tument,
626 3274 677 3333 sed
700 3279 893 3336 crescentibus
913 3282 1058 3340 mensibus
1078 3297 1166 3346 tumet

113 3378 234 3437 uterus,
248 3378 369 3441 propter
379 3352 483 3441 quern,
497 3379 584 3441 partu
599 3380 632 3424 ut
647 3371 839 3443 detumescat,
854 3385 922 3430 vota
934 3376 1138 3451 suscipiuntur.
1154 3408 1166 3433 s

111 3463 204 3517 Lucu.
228 3460 338 3517 emend.
366 3464 435 3517 Post
462 3461 560 3532 Grujoe
582 3464 706 3538 ut'rguzes
727 3477 794 3521 sunt
818 3467 962 3525 Danaides
969 3492 978 3541 ;
998 3471 1167 3549 Rhodopeia

112 3573 200 3621 uxor,
211 3556 337 3625 Procne,
351 3573 368 3610 a
380 3566 479 3611 monte
493 3555 628 3613 Thraciae.

157 3646 252 3702 Sudor
264 3644 303 3725 (v.
322 3648 399 3722 sal).
415 3648 581 3704 «Sudorem
596 3650 667 3705 dixit
681 3648 807 3707 filiorum
819 3654 1006 3729 multiplicem
1020 3670 1166 3733 partum...

111 3741 175 3797 sive
189 3740 313 3811 liberos,
330 3760 404 3815 quos
416 3742 608 3815 parturiendo
623 3754 652 3798 et
667 3744 818 3800 educando
832 3744 954 3804 sudavit.
968 3775 980 3798 u
995 3751 1083 3806 Ls'cr.

113 3834 116 3840 ’
157 3835 333 3910 Somnusque
349 3855 435 3911 super
452 3832 490 3914 (v.
511 3835 586 3915 136).
608 3838 723 3917 Veriori
742 3848 771 3894 ct
790 3836 945 3897 efficaciori
966 3844 1059 3915 specie
1077 3865 1165 3919 quam

109 3930 208 3989 somni
222 3932 314 3986 solent
328 3930 488 3989 ostendere.
509 3934 592 3989 Wua.
604 3965 643 3975 —
659 3934 693 3989 V.
708 3951 768 4007 seq.
787 3932 841 3988 ΜΒ
859 3944 887 3990 et
900 3936 936 3991 al.
950 3938 1046 3992 Barth.
1061 3940 1165 3996 aduer-

109 4026 171 4091 sis,
189 4044 254 4081 cum
273 4026 432 4081 Lactantio.

154 4122 277 4194 Tempus
299 4120 365 4195 ugit
384 4138 427 4175 res
441 4116 479 4196 (v.
499 4116 575 4198 ulo).
591 4121 654 4179 Nic.
672 4123 769 4181 Heius.
787 4125 863 4197 conj.
879 4144 886 4179 :
908 4127 964 4200 ugi.
982 4128 1017 4181 V.
1040 4125 1104 4182 intt.
1126 4128 1163 4184 ud

210 4245 247 4291 ll·
1029 4253 1074 4297 20
