2934 4950
321 391 362 446 m
383 392 414 445 r.
437 391 616 446 rzsrlru
636 391 747 446 runo.
768 391 838 448 mu,
860 393 882 446 1.
1072 416 1127 474 ²97

116 505 182 564 AEvo
191 508 312 564 decente
327 504 339 586 (
359 503 461 584 ...396)
479 507 639 564 Commode
656 508 713 564 hoe
727 508 865 584 explicari
878 528 938 566 non
951 521 1054 585 potest.
1069 517 1128 574 Sed

86 599 202 673 optimus
217 601 282 658 cod.
297 600 406 657 Barthii
421 611 451 656 et
463 602 535 675 Reg.
552 620 565 656 1
582 604 674 658 :Fato
687 599 749 656 duc.
892 608 895 614 '

115 694 199 750 Nobis
214 695 326 750 sociam
346 693 452 749 cubilia
471 705 553 749 letne
567 691 605 770 (r.
627 692 716 772 460)?
733 696 823 750 Recte
838 693 911 750 vidit
925 697 1058 756 narnia
1069 720 1129 758 ser.

81 807 185 844 nonem
196 787 245 842 hie
262 783 415 843 artificiose
429 805 490 843 esse
505 786 712 860 interruptum,
726 798 761 844 ut
776 787 806 842 in
820 788 970 845 notissimo
989 793 1103 872 Virgilii
1117 813 1124 850 ε

83 882 133 935 llos
143 898 239 955 ego-
253 880 326 938 ared
336 879 641 946 motos,ete.Statiana
648 881 778 955 exempla
793 879 869 936 idem
882 880 974 954 dedit,
982 903 1006 940 e.
1017 905 1041 942 c.
1055 906 1130 960 vrri,

81 974 113 1028 60
126 994 133 1027 :

178 1079 842 1148 Mequoquo-:teddmameliorvioleutlalegie

112 1226 241 1280 Prolem
254 1223 383 1280 Pirithoo
406 1222 445 1302 (v.
470 1222 527 1295 475
545 1221 601 1304 sq.)
616 1225 691 1298 Quia
708 1244 767 1300 prae
787 1246 882 1284 amore
904 1231 1081 1306 Proserpinae
1098 1233 1129 1290 in

80 1319 178 1373 Orcum
193 1329 346 1392 penetrare
359 1337 421 1375 non
435 1318 586 1375 dubitavit.
794 1373 796 1376 .

117 1414 206 1485 Quem
215 1431 277 1488 per
287 1412 454 1468 Thermesia
471 1412 575 1487 Tempe
591 1409 629 1491 (v.
642 1413 698 1479 485
713 1411 798 1492 sqq.).
809 1415 906 1495 Fingit
919 1417 1009 1492 igitur
1021 1419 1128 1476 Statius
1235 1411 1239 1422 '

80 1504 226 1562 cithaerond
249 1506 341 1562 leonis
363 1505 472 1562 exuviis
488 1505 623 1562 amictum
644 1506 730 1563 fuisse
744 1507 913 1582 Herculem,
938 1529 998 1566 non
1013 1512 1129 1568 cleonaei

79 1617 123 1654 seu
137 1598 272 1672 nemoei,
290 1611 323 1655 ut
342 1599 501 1655 communis
518 1599 593 1656 sama
606 1600 674 1670 sert,
688 1603 734 1657 vel
754 1613 830 1657 certe
845 1613 910 1658 ante
925 1606 1030 1678 pellem
1051 1609 1128 1662 cele-

79 1693 205 1750 briorem.
220 1692 298 1750 Vide
311 1697 490 1750 Mannum.
506 1693 543 1750 ad
559 1694 624 1750 Silv.
631 1735 642 1762 ,
664 1713 693 1766 v,
708 1713 744 1766 a,
761 1697 806 1763 48.
822 1697 960 1754 Praeterea
976 1699 1128 1776 legendum

20 1816 21 1819 ¹
79 1805 136 1841 cum
144 1785 296 1844 Gronovio
304 1798 333 1843 et
342 1787 427 1844 codd.
440 1806 501 1844 non
510 1786 623 1861 paucis,
632 1789 676 1844 vel
687 1787 848 1866 refragante
863 1790 973 1864 optimo
982 1791 1128 1861 :juvenili-

79 1881 122 1936 bus
134 1882 229 1938 annis.
243 1880 286 1937 Cl.
302 1882 386 1938 allata
404 1881 441 1937 ab
453 1881 518 1936 intt.
532 1882 660 1951 Hom„
677 1881 736 1937 Sat.
745 1923 756 1950 ‚
774 1901 800 1953 1,
822 1901 854 1954 1,
870 1888 895 1948 l.

113 1973 214 2029 Siccati
223 1977 345 2030 rulime
360 1972 485 2048 lymphis
499 1971 538 2052 (v.
559 1970 637 2051 527).
652 1977 717 2031 lam
730 1977 808 2032 Laut.
828 1976 961 2033 observat
975 1977 1032 2034 hoc
1049 1997 1128 2034 sum-

79 2076 153 2137 ptam
169 2085 230 2124 erse
243 2085 280 2123 ex
292 2066 393 2142 Virgil.
413 2066 540 2134 AEnerii„
560 2085 598 2134 x,
616 2065 674 2134 834
695 2087 702 2121 :

174 2224 285 2275 Volnera
294 2222 399 2275 sumtu
410 2223 539 2291 lymphie..

80 2369 111 2424 ad
119 2389 203 2444 quem
211 2371 231 2426 1.
241 2369 375 2427 Servius:
387 2368 493 2426 altatio
502 2387 571 2426 vera
580 2379 638 2439 est,
652 2369 720 2444 quia
732 2351 827 2428 fluxus
837 2369 981 2446 sanguinis
989 2389 1127 2447 aquarum

80 2461 177 2538 frigore
190 2463 388 2521 continetur.»

117 2558 239 2634 Utroque
250 2560 333 2634 vr'rgo
347 2553 385 2635 (v.
407 2554 484 2631 533).
503 2555 632 2633 Argia'et
647 2556 782 2632 Deipyle,
799 2555 863 2614 filiae
883 2556 1006 2614 Adrasti.
1022 2556 1128 2637 (inin,

82 2671 117 2722 11,
134 2654 192 2709 203
208 2647 287 2729 sqq.)

118 2748 182 2804 Vivo
183 2788 231 2803 .....
245 2764 316 2801 outo
328 2742 367 2823 (v.
389 2742 467 2822 547).
485 2744 521 2801 Id
530 2755 572 2801 est
592 2744 721 2801 vitamet
738 2746 900 2801 annnorum
914 2755 1010 2800 motus
1028 2744 1127 2817 expri-

81 2854 173 2899 mente.
188 2842 290 2897 Paullo
304 2850 370 2915 post
383 2858 410 2893 v.
420 2836 477 2896 550
491 2838 575 2895 codd
592 2840 692 2895 Behot.
708 2849 737 2894 et
744 2839 815 2914 Reg.
835 2858 846 2891 ι
863 2841 997 2893 :lassant
1007 2858 1059 2893 ora
1072 2858 1128 2912 pro

83 2938 190 2992 laxant:
199 2933 282 3010 quod
295 2932 444 3008 imponere
456 2951 519 2987 non
527 2931 652 2989 debebat
664 2931 732 2988 viris
746 2930 972 3000 doctis31arant
984 2929 1031 2985 hic
1044 2930 1129 2986 unice

81 3048 179 3085 vermo.

118 3124 232 3197 Crotopi
243 3118 282 3199 (v.
300 3118 380 3199 570).
396 3120 473 3177 «Hie
485 3138 538 3175 rex
550 3119 665 3195 argivus
678 3120 749 3191 fuit,
764 3117 816 3194 qui
830 3116 991 3192 Apollinem
1008 3117 1129 3192 Typho-

81 3216 119 3272 nis
137 3216 212 3274 eaede
231 3216 377 3291 pollutum
401 3214 534 3288 expiavit.
558 3212 633 3269 Huic
655 3210 714 3269 iilia
733 3212 882 3279 Psamatbe
897 3208 971 3282 suit,
984 3229 1049 3266 cum
1072 3229 1129 3285 qua

83 3311 179 3382 Apollo
198 3308 374 3380 concubuit;
391 3308 502 3381 dequo
516 3324 682 3380 compressu
698 3305 789 3362 edidit
803 3301 931 3382 (genuit,
947 3303 1012 3359 cod.
1030 3300 1130 3380 Paris.)

84 3412 108 3455 et
118 3423 183 3459 mox
196 3404 306 3459 editum
326 3412 442 3477 partum
456 3398 609 3474 exposuit:
625 3398 708 3474 quod
730 3400 834 3474 Apollo
854 3398 1037 3473 indignanter
1054 3396 1130 3452 acci-

84 3496 156 3567 piens
174 3498 207 3551 in
221 3495 377 3552 vindictam
392 3493 503 3567 injuriae
520 3512 576 3548 suae
589 3492 688 3565 injecit
702 3503 862 3557 monstrum
870 3533 879 3562 ‚
893 3490 975 3566 quod
989 3489 1131 3545 Coroehus
1152 3494 1160 3501 “

86 3590 188 3646 oceidit.
206 3614 219 3641 ν
981 3584 1067 3637 Llcr.

122 3686 233 3759 quue
240 3684 321 3739 sicca
321 3681 426 3754 serunt
433 3682 610 3757 trepidorum
622 3680 750 3735 mhiosse
759 3680 887 3752 luporum
903 3675 941 3755 (v.
952 3674 1032 3753 626).
1048 3701 1061 3725 ·‹
1070 3676 1130 3731 Ora

84 3777 171 3848 jejuna
183 3773 354 3856 (luporum)
372 3776 469 3833 serunt
483 3774 614 3831 homines
627 3774 749 3831 inhiasse
763 3781 884 3846 propter
903 3771 1007 3827 famem
1021 3780 1050 3825 et
1070 3788 1130 3824 non

87 3872 263 3928 comedisse.»
970 3866 1069 3919 Gnoss.

123 3964 288 4039 Summaque
303 3964 438 4021 biverticis
452 3960 489 4039 (v.
505 3962 565 4018 628
584 3957 670 4037 sqq.).
688 3958 814 4015 Imitatio
828 3956 980 4015 Homerica
998 3974 1035 4011 ex
1048 3954 1130 4009 initio

90 4056 190 4113 Iliadis.
