2934 4950
376 440 411 500 58
439 436 442 442 ’
706 440 920 498 meamus
939 437 1050 496 nmen
1071 438 1122 493 vl.
1311 428 1341 493 (l-
1354 434 1396 495 55.)

372 574 560 641 Damnatus
580 569 721 639 flamma
738 583 849 655 torus,
870 582 903 636 et
922 564 1049 661 puerile
1069 565 1227 637 taetrum

373 693 520 762 Texitur.
539 694 611 760 Ima
636 692 745 759 virent
763 691 886 785 agresti
905 688 1066 757 stramina
1083 682 1187 755 cultu.

374 814 531 882 Proxima
550 813 729 907 gramineis
747 811 921 906 operosior
939 832 1017 877 area
1029 810 1140 895 sertis,

373 938 417 1004 Et
431 935 618 1029 picturatus
638 933 811 1002 morituris
830 930 970 1000 floribus
988 954 1100 1025 agger.

373 1056 504 1125 Tertius
523 1077 700 1150 assurgens
716 1052 866 1123 Arabum
887 1066 978 1120 strue
996 1048 1126 1120 tollitur
1141 1048 1228 1117 ordo

373 1179 462 1245 ans
479 1173 672 1270 complexus
691 1197 791 1267 opes,
810 1174 998 1266 incanaque
1015 1170 1119 1267 glebis

374 1296 507 1385 Thura,
524 1311 556 1365 et
576 1296 619 1365 ab
641 1297 782 1389 antiquo
800 1294 957 1365 durantia
973 1295 1128 1363 cinnama
1149 1290 1241 1361 Belo.

374 1420 511 1487 Summa
531 1432 669 1513 crepant
686 1441 786 1505 auro,
803 1417 972 1511 Tyrioque
992 1413 1158 1484 attollitur
1173 1429 1267 1485 ostro

374 1537 478 1609 Molle
497 1537 710 1633 supercilium
728 1564 736 1607 ε
757 1553 877 1607 teretes
896 1537 962 1606 hoc
979 1536 1128 1630 undique
1146 1560 1281 1632 gemma

374 1660 543 1729 lrradiant
561 1686 569 1729 r
587 1660 700 1729 medio
717 1661 823 1730 linus
842 1662 1040 1729 intertextus
1058 1658 1220 1747 acantho,

375 1781 578 1875 letiferique
595 1806 693 1851 sanes
711 1808 725 1858 ε,
735 1806 821 1877 opus
839 1780 1035 1851 admirabile
1051 1806 1182 1875 semper

376 1902 522 1992 Oderat,
541 1918 640 1997 atque
656 1901 772 1973 oeulos
789 1902 942 1972 flectebat
959 1903 1000 1971 ab
1019 1904 1131 1971 omine
1145 1915 1264 1970 mater.

425 2027 527 2094 Arma
543 2026 664 2113 etiam,
685 2041 719 2094 et
735 2038 884 2093 veterum
901 2026 1037 2093 exuvias
1053 2021 1242 2093 circumdat
1261 2048 1388 2091 avorum

376 2144 494 2217 Gloria
507 2147 611 2214 mixta
628 2145 742 2235 malis,
762 2145 959 2239 afflictaque
977 2146 1122 2215 ambitus
1138 2143 1241 2233 aulae,

378 2270 448 2339 ceu
469 2265 594 2360 grande
609 2268 895 2361 exsequiis-onus,
915 2281 1016 2361 atque
1032 2268 1194 2336 immensa
1216 2266 1364 2336 ferantur

371 2381 532 2459 'Membra
550 2400 625 2457 toro
642 2414 649 2456 :
664 2387 721 2458 sed
739 2412 832 2458 cassa
849 2402 959 2459 tamen
975 2384 1162 2483 sterilisque
1178 2387 1330 2457 dolentes

377 2514 478 2581 Fama
493 2509 607 2604 juvat,
624 2512 787 2605 parvique
807 2525 989 2604 augescunt
1004 2535 1145 2579 munere
1163 2533 1291 2579 manes.

378 2629 459 2700 Inde
473 2629 761 2726 ingens'laery'mis
781 2633 901 2722 bonor,
918 2647 953 2702 et
972 2631 1161 2701 miseranda
1177 2631 1349 2727 voluptas,

378 2754 585 2846 Muneraque
603 2752 638 2820 in
656 2752 784 2823 cineres
804 2756 901 2823 aunis
918 2755 1073 2849 graviora
1090 2752 1256 2822 seruntur.

378 2875 532 2967 Namque
550 2871 598 2941 illi
615 2889 650 2943 et
667 2876 857 2970 pharetras,
878 2877 1097 2971 brevioraque
1117 2875 1183 2946 tela
1202 2875 1332 2944 dicarat

378 2995 530 3064 Festinus
549 2994 618 3063 voti
637 3010 743 3089 pater,
761 2997 975 3091 insontesque
995 2999 1144 3093 sagittas.
1314 2995 1317 3002 ’

378 3117 452 3184 Jam
473 3129 552 3185 tunc
568 3130 602 3184 et
622 3132 702 3186 uota
719 3117 858 3187 stabulis
879 3117 921 3187 de
938 3135 1039 3214 gente
1054 3101 1222 3215 probatos·

380 3240 420 3306 ln
438 3260 560 3305 nomen
577 3239 734 3331 pascebat
753 3263 876 3333 equos,
894 3242 1090 3335 cinctusque
1105 3255 1280 3330 sonantes,

379 3359 547 3450 Armaque
563 3359 707 3452 majores
725 3375 954 3455 exspectatura
970 3360 1120 3431 lacertos.

380 3480 462 3572 Spes
482 3477 604 3548 avidae!
624 3505 707 3575 quas
724 3506 794 3550 non
815 3485 851 3550 in
871 3507 992 3552 nomen
1011 3483 1146 3553 credula
1163 3479 1271 3554 vestes

337 3685 344 3698 ‘
381 3599 533 3694 Urgebat
552 3599 685 3670 studio?
705 3601 880 3698 cultusque
900 3605 1044 3699 insignia
1060 3607 1156 3700 regni

379 3722 586 3813 Purpureos,
607 3737 842 3818 sceptrumque
861 3727 992 3796 minus?
1007 3741 1128 3796 cuneta
1144 3727 1279 3823 ignibus
1296 3727 1370 3796 atris

381 3842 528 3910 Damnat
543 3857 655 3931 atrox,
674 3869 799 3940 suaque
814 3848 887 3941 ipse
905 3872 1026 3942 parens
1048 3851 1228 3944 gestamina
1246 3850 1341 3934 ferri,

381 3961 416 4029 Si
432 3958 563 4030 damnis
579 3963 732 4034 rabidum
752 3983 852 4061 queat
870 3984 1061 4038 exsaturare
1079 3969 1240 4040 dolorem.

429 4083 526 4154 Parte
543 4082 607 4154 alia
625 4088 720 4181 gnari
737 4091 872 4159 monitis
889 4093 1053 4161 exercitus
1070 4093 1172 4161 instat
