2934 4950
132 394 165 450 o.
178 395 245 456 sn.)
443 398 660 456 rnnnnnos
682 403 792 460 unns
814 403 865 460 ιιι.
1127 409 1182 481 237

23 528 24 539 ¹
131 523 251 588 lntuor
273 548 281 589 :
302 522 434 590 Inachii
454 539 535 593 sunt
552 525 587 593 hi
606 528 687 615 tibi,
706 531 865 624 concipe,
884 553 989 624 reges.

130 645 286 712 Invasere
305 642 444 740 globum
461 648 551 716 nivei
570 649 701 744 gregis,
723 673 878 744 uncaque
898 650 1053 746 pandunt

130 764 286 836 cedibus
302 791 361 836 ora
378 768 495 858 novis,
516 782 549 836 et
565 771 690 839 strictis
707 772 879 867 unguibus
896 772 1034 842 instant.

179 890 330 958 «Cernis
347 890 521 984 inexperto
537 907 689 962 rorantes
706 895 869 988 sanguine
884 909 1018 984 ventos,

128 1012 174 1078 Et
193 1009 319 1105 plumis
337 1011 464 1081 stillare
481 1011 595 1083 diem?
611 1040 713 1109 quarn
732 1039 819 1084 saeva
834 1031 971 1110 repente

128 1133 284 1210 Victores
302 1134 409 1229 agitat
424 1133 492 1205 leto
511 1137 603 1206 Jovis
622 1138 673 1205 ira
692 1134 835 1206 sinistri!

127 1255 193 1322 Hie
210 1253 343 1324 excelsa
360 1269 478 1350 petens
497 1259 608 1327 subite
624 1258 696 1328 face
713 1254 801 1327 Solis
820 1260 959 1348 inarsit,

130 1377 360 1470 Submisitque
376 1379 505 1447 anirnos
524 1377 643 1448 :illurn
659 1381 799 1475 vestigia
821 1379 979 1451 adortum

127 1498 300 1592 Mnjmum
317 1498 492 1568 voluerum
511 1517 633 1570 tenerae
652 1501 820 1596 deponitis
840 1501 908 1572 alae.
954 1485 962 1507 i

127 1620 192 1688 Hie
210 1618 300 1689 hosti
314 1620 497 1717 implicitus
514 1624 642 1718 pariter
659 1625 749 1715 ruit,
767 1626 859 1694 hune
878 1625 957 1721 luga
976 1641 1068 1697 retro

23 1792 24 1795 ,
127 1739 242 1810 Volvit
263 1767 366 1838 agens
383 1745 479 1813 sociae
496 1742 706 1838 linquentem
724 1745 793 1814 fata
812 1762 962 1816 catervae.

23 1840 24 1863 ἶ
128 1865 190 1934 Hic
206 1864 325 1933 nimbo
342 1863 547 1958 glomeratus
563 1866 637 1934 obit
652 1893 660 1934 ε
676 1867 732 1936 hic
749 1882 895 1962 praepete
910 1869 988 1938 viva

126 1987 282 2055 Pascitur
297 1987 492 2056 immoriens
509 2013 517 2054 ε
537 1989 666 2082 spargit
684 2013 764 2076 care
786 1987 902 2058 nubila
921 1991 1065 2085 sanguis.

23 2150 24 2156 κ
126 2108 195 2196 Qui
213 2107 332 2176 furtim
352 2106 534 2201 lacrymas?
549 2105 664 2198 illurn,
684 2108 872 2178 venerande
892 2108 1087 2206 Melampu,

126 2231 195 2319 Qui
215 2227 322 2315 cadit,
341 2253 528 2326 agnosco.»
542 2229 705 2324 Trepidos
722 2231 771 2300 sic
791 2227 879 2298 mole
899 2230 1021 2316 futuri,

128 2353 326 2443 Cunctaque
338 2351 411 2444 jam
431 2375 545 2420 rerum
565 2365 659 2420 certa
677 2351 741 2419 sub
761 2352 908 2446 imagine
925 2376 1054 2446 passos,
1107 2345 1110 2354 ’

126 2474 251 2542 Terror
267 2471 369 2543 hehet
390 2488 507 2543 vates:
529 2474 620 2569 piget
639 2474 799 2567 irrupisse
816 2471 990 2543 volentum

127 2590 297 2680 Concilio,
314 2608 349 2663 et
369 2594 453 2665 melo
471 2609 619 2665 mentem
638 2596 814 2664 insertasse
833 2594 970 2663 vetanti.

126 2715 309 2811 Auditique
328 2717 430 2787 odere
447 2722 563 2789 Deos:
582 2717 672 2787 unde
690 2720 752 2786 iste
767 2740 827 2811 per
842 2716 958 2785 orbern

127 2837 261 2907 Primus
280 2840 414 2908 venturi
434 2840 564 2908 miseris
581 2840 811 2928 animantibus
830 2862 917 2933 aeger

129 2962 243 3031 Crevit
261 2958 377 3031 emor?
394 2962 566 3031 Divumne
583 2960 670 3031 feras
687 2961 753 3030 hoo
773 2984 911 3048 munus3
931 2984 975 3029 an
993 2962 1065 3056 ipsi-

129 3082 219 3151 Gens
237 3082 352 3173 avide,
370 3098 403 3152 et
421 3096 521 3177 parto
541 3107 611 3151 non
630 3106 782 3177 unquam
802 3098 890 3152 stare
910 3080 1037 3176 quieti?

97 3208 108 3223 ⁸
129 3204 287 3273 Eruimus
302 3228 378 3299 qnae
396 3206 506 3301 prima
522 3202 612 3294 dies,
630 3205 688 3274 ubi
708 3205 871 3274 terminus
888 3204 966 3292 uvi,
1149 3290 1151 3293 Ι

129 3324 219 3414 Quid
236 3326 347 3397 bonus
365 3324 421 3396 ille
438 3330 548 3397 Deum
569 3328 713 3421 genitor,
730 3324 813 3419 quid
833 3325 941 3394 ferree
957 3321 1082 3394 Clotho

128 3448 260 3543 Cogitet
278 3474 287 3517 ε
306 3448 386 3517 hinc
405 3435 516 3535 fibros,
531 3463 566 3517 et
583 3445 757 3519 volucrum
775 3470 835 3541 per
852 3444 968 3515 nubila
984 3469 1092 3514 sermo
1153 3500 1158 3513 .

130 3572 372 3664 Astrorumque
393 3570 497 3655 vices,
513 3582 755 3662 numerataque
776 3568 892 3637 semite
909 3570 1032 3654 Lunae,

129 3688 421 3785 Thessalicumque
434 3689 537 3761 noles.
556 3693 602 3759 At
619 3715 687 3758 non
707 3690 801 3784 prior
818 3712 939 3757 aureus
959 3684 1021 3777 ille

130 3810 268 3906 Sanguis
285 3836 403 3902 avum,
421 3811 633 3908 scopulisque
652 3827 731 3880 sutae
749 3809 802 3879 vel
823 3810 945 3878 robore
961 3822 1077 3903 gentes

131 3934 298 4004 Mentibus
317 3934 382 4004 hoc
397 3959 507 4005 ausae:
527 3933 626 4003 silvas
645 3956 860 4018 moronus,
878 3930 1087 4022 humumque
1150 4020 1153 4029 Δ

132 4054 325 4127 Edomuisse
343 4082 445 4125 manu
465 4084 473 4126 ε
495 4056 578 4151 quid
593 4058 739 4132 crastina
757 4052 908 4123 volveret
923 4066 1002 4121 oetas
