2934 4950
382 429 417 466 ¹²
544 481 548 488 ,
682 409 900 470 rueramus
924 409 1033 470 LIBER
1054 410 1107 465 lv.
1300 401 1396 462 (risen.)

377 535 507 628 Poplite
527 535 686 606 succiduo
705 538 898 631 resupinum
919 561 957 604 ac
975 556 1069 630 paene
1087 529 1237 602 ruentem
1260 556 1267 596 :

378 659 422 725 Et
440 656 475 722 ni
494 670 632 724 curvato
651 656 818 725 torsissem
838 654 964 749 spicula
984 678 1135 728 cornu...
1346 735 1353 744 ,

379 777 478 846 Nunc
493 775 552 843 ubi
569 774 654 844 bella
672 775 758 844 tibi?
775 773 823 844 nil
841 791 873 844 te
892 799 964 844 mea
983 773 1048 844 tela
1060 774 1242 866 juvabunt,
1329 751 1333 758 ⁵

379 899 450 966 Nec
470 911 588 966 teretes
605 921 717 983 arcus,
736 895 874 966 maculis
894 921 955 964 ncc
973 892 1117 964 discolor
1137 893 1217 960 atris
1236 944 1241 950 .

379 1019 457 1103 Hic,
476 1020 530 1086 cui
547 1017 637 1106 fidis,
657 1041 762 1111 equus
780 1043 789 1085 τ
806 1018 936 1111 magnis
954 1015 1129 1085 conatibus
1146 1014 1263 1096 instas,

379 1140 446 1208 vix
463 1138 634 1232 Dryadum
654 1135 826 1223 thalamis,
843 1134 1207 1229 Erymanthiadumque
1228 1130 1331 1199 furori

379 1259 611 1353 Nympharum
632 1270 760 1326 mature
780 1281 873 1350 puer.
897 1259 982 1324 Sunt
1001 1255 1112 1323 omina
1133 1277 1239 1321 vera:

379 1380 527 1449 Mirabar
543 1403 603 1447 cur
620 1375 744 1473 templa
761 1376 843 1446 mibi
860 1376 1164 1445 tremuisseDianae

378 1501 509 1594 Nuper,
526 1514 561 1568 et
578 1497 713 1567 inferior
727 1494 824 1566 vultu
840 1500 911 1566 Dea
928 1499 1014 1584 visa,
1033 1495 1210 1588 sacrisque·

378 1621 513 1690 Exuviae
528 1617 675 1688 cecidere
692 1616 793 1688 tholis
811 1643 820 1687 r
838 1618 918 1687 hinc
935 1619 1195 1712 segnior-arens,

380 1738 608 1832 Difficilesque
625 1762 758 1827 manns,
778 1754 811 1807 et
828 1735 922 1807 nullo
938 1740 973 1806 in
990 1735 1127 1806 vulnere
1142 1749 1247 1805 certae.

379 1863 555 1953 Exspecta,
574 1859 654 1927 dum
669 1859 777 1952 major
792 1859 913 1945 honos,
932 1857 1013 1926 dum
1032 1857 1160 1926 firmius
1174 1879 1297 1942 aevum,

378 1985 469 2052 Dum
488 1981 591 2048 roseis
608 1981 700 2048 venit
716 1979 836 2048 umbra
857 1981 964 2074 genis,
983 1976 1160 2072 uultusque
1180 1974 1336 2046 recedunt

379 2105 449 2172 Ore
464 2103 529 2170 mei
548 2127 556 2168 :
576 2116 657 2170 tunc
673 2099 761 2170 bella
778 2100 854 2187 tibi,
875 2100 1081 2194 ferrumque,
1102 2098 1193 2192 quod
1210 2098 1321 2182 ardes,

378 2228 452 2318 Ipsa
469 2222 572 2309 dabo,
588 2236 621 2291 et
638 2221 731 2290 nullo
750 2224 865 2291 matris
881 2222 1080 2291 revocabere
1098 2222 1190 2292 fletu.

378 2347 477 2415 Nunc
495 2343 581 2412 refer
596 2369 689 2412 arma
705 2344 842 2414 domum
862 2371 869 2412 :
887 2369 945 2414 vos
961 2359 1072 2413 atatem
1089 2345 1182 2413 hunc
1199 2345 1252 2412 ire
1264 2342 1382 2426 sinetis,

379 2463 541 2538 Arcades?
559 2492 580 2537 o
599 2467 685 2536 saxis
704 2468 880 2555 nimirum,
898 2482 931 2537 et
951 2467 1071 2537 robore
1090 2463 1203 2536 natils

425 2588 525 2660 Plura
543 2590 636 2682 cupit
654 2615 662 2656 ε
683 2588 748 2658 fissi
769 2591 895 2659 circum
914 2604 1093 2684 natusque,
1114 2588 1281 2682 ducesque

376 2709 549 2795 Solantur,
566 2710 791 2804 minuuntque
807 2724 931 2799 metus,
949 2713 1064 2805 etjam
1083 2709 1219 2797 horrida
1236 2706 1384 2803 clangunt

378 2834 480 2926 Signa
498 2830 586 2899 tubae
607 2858 614 2900 ε
635 2831 752 2926 nequit
770 2830 827 2900 illa
844 2832 901 2926 pio
921 2832 1088 2901 dimittere
1106 2844 1223 2900 natum

376 2950 578 3047 Complexo,
595 2950 805 3047 multumque
822 2951 900 3025 duci
917 2952 1130 3023 commendat
1144 2951 1298 3025 Adrasto.

423 3078 469 3145 At
485 3089 579 3169 parte
594 3072 714 3143 exalia
732 3073 850 3174 Cadmi
866 3078 1034 3145 Mavortia
1049 3074 1176 3170 plebes,
1233 3098 1235 3103 ·

374 3200 495 3267 Moesta
515 3194 611 3263 ducis
630 3195 741 3285 furiis,
761 3209 795 3264 et
814 3194 892 3264 belli
912 3197 1028 3265 territa
1048 3196 1152 3285 fama,
1272 3238 1274 3243 .

375 3317 544 3415 (Quando
560 3316 613 3387 his
633 3314 804 3410 vulgatum
824 3316 1023 3387 descendere
1041 3320 1167 3389 viribus
1185 3318 1314 3415 Argos)

373 3438 516 3510 Tardius
536 3435 593 3507 illa
611 3435 762 3532 quidem,
782 3439 885 3533 regis,
906 3464 1078 3534 causaque
1098 3440 1243 3536 pudore,

374 3564 502 3631 Verum
517 3556 604 3629 bella
622 3575 733 3628 movet
752 3586 760 3629 :
780 3557 864 3630 nulli
883 3559 1082 3658 distringere
1100 3562 1226 3633 ferrum

373 3686 538 3776 Impetus,
555 3696 614 3750 aut
630 3681 787 3752 humeros
804 3680 920 3778 clypeo
937 3683 1092 3755 clausisse
1108 3700 1249 3781 paterno

374 3802 496 3893 Dulce,
516 3828 577 3873 nec
594 3801 764 3898 alipedum
780 3806 860 3901 juga
880 3830 1027 3897 comere,
1046 3805 1155 3901 qualia
1174 3806 1252 3877 belli

375 3924 507 3995 Gaudia
526 3952 534 3993 :
557 3925 674 4019 dejecti
690 3925 836 4021 trepidas
853 3928 924 3997 sine
940 3942 1069 4015 mente,
1085 3930 1158 3999 sine
1176 3930 1241 4017 ira,

375 4048 562 4117 Promisere
579 4072 700 4117 manus
719 4075 726 4115 :
746 4048 801 4118 hic
818 4073 906 4143 aegra
924 4051 958 4118 in
977 4067 1066 4122 sorte
1083 4065 1255 4149 parentem
