2934 4950
312 492 351 548 60
673 497 703 551 P.
723 497 847 553 PUBLII
868 497 991 555 suurn

311 618 429 711 Iujecit
447 643 570 708 nexus,
591 621 780 715 carpsitque
796 623 932 691 immitis
949 621 1078 690 adunca

312 741 383 808 Ora
398 738 544 807 verenda
564 763 675 809 manu.
698 741 828 830 Quinta
847 743 902 808 vix
921 741 1136 834 Phosphorus
1156 740 1238 809 hora

311 861 494 929 Rorantem
514 860 682 928 sternebat
702 884 842 954 equum,
856 862 927 954 jam
947 859 1045 929 litora
1062 859 1137 927 duri

311 983 420 1070 Saeva,
440 981 584 1070 Philete,
599 984 705 1071 senis,
726 981 905 1076 dirumque
928 980 1117 1051 Acheronta
1135 980 1284 1067 videbas,

310 1103 390 1191 Quo
405 1102 533 1172 domini
550 1103 690 1174 clamate
709 1101 809 1173 sono!
830 1128 899 1173 non
919 1105 1035 1172 saevius
1054 1117 1144 1171 atros

310 1224 483 1319 Nigrasset
500 1223 636 1320 planctu
658 1225 803 1322 genitrix
822 1225 883 1293 tibi
903 1209 987 1293 saev'a
1003 1221 1160 1311 lacertos,

310 1344 382 1414 Nec
401 1358 497 1440 pater
517 1372 525 1414 :
544 1360 577 1415 et
593 1361 682 1415 certe
699 1347 758 1440 qui
779 1345 863 1414 vidit
880 1345 998 1413 funera
1017 1344 1118 1412 frater

309 1463 454 1534 Erubuit
470 1447 569 1537 rinei.
590 1465 654 1536 Sed
674 1491 734 1536 nec
753 1466 881 1535 servilis
896 1464 1052 1560 adempto

309 1585 400 1680 Ignis
421 1611 429 1655 :
452 1585 636 1656 odoriferos
655 1588 808 1656 exhausit
826 1587 960 1656 flamma
979 1587 1108 1654 Sabaeos

309 1708 352 1775 Et
368 1705 512 1778 Cilicum
529 1734 670 1797 messes,
689 1709 884 1802 Phariaeque
901 1722 1054 1801 exempta
1075 1706 1202 1776 volucri

309 1827 491 1918 Cinnama,
508 1843 542 1898 et
559 1830 694 1923 Assyrio
710 1843 883 1897 manantes
900 1829 1050 1923 gramine
1071 1851 1201 1914 succos,

309 1951 352 2018 Et
370 1948 497 2018 domini
514 1950 610 2019 fletus
631 1975 639 2018 ε
658 1949 720 2018 hos
738 1962 869 2018 tantum
889 1949 1029 2018 hausere
1049 1946 1187 2035 savillae,

310 2071 380 2137 Hos
400 2069 485 2138 bibit
505 2095 610 2164 usquc
626 2095 726 2167 rogus
743 2097 751 2139 ε
770 2096 833 2140 nec
847 2070 937 2165 quod
957 2069 1016 2138 tibi
1037 2071 1125 2138 Setia
1144 2093 1243 2139 canos

309 2191 477 2274 Restinxit
495 2193 643 2281 cineres,
663 2193 791 2288 gremio
809 2217 870 2260 nec
887 2191 1034 2261 lubricus
1054 2216 1127 2259 ossa

309 2311 413 2400 Quod
432 2311 569 2382 vallavit
589 2338 693 2408 onyx,
709 2315 836 2383 miseris
857 2314 1026 2408 acceptius
1043 2311 1169 2382 umbris

309 2434 422 2525 Quam
439 2435 601 2529 gemitus;
621 2433 679 2505 sed
698 2450 732 2505 et
753 2437 822 2531 ipse
837 2434 943 2529 juvat.
964 2433 1058 2523 Quid
1076 2447 1168 2528 terga
1184 2428 1313 2518 dolori,

309 2557 416 2644 Urse,
436 2553 577 2626 damus?
593 2556 674 2651 quid
693 2555 818 2651 damna
838 2557 952 2642 soves3
973 2569 1007 2624 et
1027 2569 1160 2650 pectore
1176 2556 1293 2646 iniquo

309 2674 441 2746 Vulnus
461 2676 577 2745 amas?
595 2678 653 2746 ubi
675 2692 755 2746 nota
774 2679 838 2746 reis
855 2675 1010 2746 facundia
1030 2674 1161 2769 raptis?

310 2797 404 2887 Quid
424 2822 537 2868 caram
556 2800 683 2869 crucias
701 2812 767 2867 tam
788 2800 879 2866 saevis
898 2796 1043 2866 luctibus
1061 2793 1238 2864 umbram?

311 2918 459 2989 Eximius
475 2918 552 2988 licet
567 2917 622 2988 ille
638 2920 762 3006 animi,
782 2920 986 3011 meritusque
1004 2914 1174 3002 dolorem,

309 3037 463 3127 Solvisti3
480 3040 568 3109 subit
587 3039 642 3109 ille
661 3040 753 3134 pios,
770 3040 942 3132 carpitque
963 3039 1109 3131 quietem

310 3158 470 3254 Elysiam,
487 3185 647 3255 carosque
662 3158 730 3231 illic
749 3161 887 3229 sortasse
903 3174 1056 3254 parentes

310 3282 469 3351 Invenit:
491 3296 550 3350 aut
567 3279 616 3350 illi
636 3308 697 3377 per
717 3306 848 3351 amoena
866 3280 997 3351 silentia
1016 3282 1138 3351 Lethes

309 3405 435 3472 Forsan
455 3400 637 3474 Avernales
656 3402 812 3473 alludunt
830 3404 979 3498 undique
998 3405 1107 3471 mixtae

300 3522 450 3612 Naides,
471 3521 674 3620 obliquoque
693 3539 790 3595 notat
807 3527 1006 3620 Proserpina
1023 3523 1129 3593 vultu.

186 3744 188 3749 Α
311 3648 422 3735 Pone,
441 3670 571 3741 precor,
588 3661 722 3740 questus
740 3672 748 3716 ε
767 3645 870 3717 alium
891 3648 949 3715 tihi
970 3652 1049 3715 Fata
1068 3645 1242 3735 Phileton,

309 3771 434 3836 Forsan
454 3767 572 3862 etipse
590 3766 699 3859 dabit,
717 3794 892 3863 moresque
910 3769 1129 3861 habitumque
1148 3766 1275 3836 decoris

309 3889 511 3958 Monstrabit
527 3888 689 3985 gaudens,
709 3891 918 3984 similemque
938 3890 1069 3959 docebit
1086 3890 1200 3957 amari.

714 4184 974 4207 *-
