2934 4950
610 395 639 450 P.
661 397 787 454 1³1an
807 394 932 452 sanan

866 513 1338 542 mmmmm

740 829 790 912 V.

491 1138 550 1206 ΑΒ
575 1138 815 1208 CLAUDIAM
841 1139 1048 1208 UXOREM.

695 1465 845 1480 .--—-

296 1733 394 1821 Qum
410 1731 494 1800 mihi
512 1744 625 1800 mesta
643 1729 716 1818 (lie,
734 1731 834 1800 sociis
852 1731 933 1825 quid
952 1731 1125 1818 noctibus,
1144 1756 1261 1823 uxor,

247 1855 374 1942 Anxia,
393 1850 546 1947 pervigili
564 1851 657 1921 ducis
675 1852 819 1948 suspiria
836 1852 938 1924 cura?

246 1976 326 2045 Non
344 1987 456 2048 metuo
475 1997 517 2076 ne
535 1971 611 2042 laesa
629 1973 733 2060 fides,
751 1989 810 2044 aut
827 1987 960 2068 pectore
977 1976 1011 2042 in
1031 1976 1094 2044 isto

246 2094 339 2166 Alter
357 2119 477 2189 amor:
498 2092 598 2164 nullis
617 2095 652 2164 in
670 2111 703 2164 tr
720 2094 887 2165 datur'ire
906 2095 1051 2190 sagittis,

246 2214 372 2288 Audiat
389 2214 507 2284 infesto
525 2215 601 2285 licet
617 2217 688 2286 haar
705 2217 911 2287 Rhamnusia
929 2215 1045 2302 vultu,

168 2381 173 2388 -
246 2339 325 2407 Non
343 2337 461 2421 datur;
479 2347 517 2406 et'
529 2338 557 2408 si
574 2353 722 2439 egomet,
740 2339 850 2432 patrio
869 2338 910 2408 de
929 2336 1025 2411 litore
1043 2352 1172 2432 raptus,

246 2462 402 2551 Quatuor
418 2460 562 2530 emeritis
580 2484 640 2557 per
657 2459 763 2550 bella,
784 2484 843 2555 per
861 2486 1012 2555 sequora,
1032 2459 1144 2530 lustris

247 2586 422 2671 Errarem,
441 2597 479 2651 tu
496 2580 587 2651 mille
605 2605 725 2678 procos
744 2583 866 2652 intacta
885 2582 1035 2677 fugares3

246 2704 326 2773 Non
345 2703 535 2773 intersectas
552 2718 741 2773 commenta
759 2718 907 2774 retexere
926 2702 1025 2795 telas,
1118 2732 1123 2740 ·

172 2888 175 2896 .
248 2821 314 2893 Sed
331 2824 402 2893 sine
419 2822 536 2893 fraude
554 2822 682 2919 palam,
700 2824 920 2918 thalamisque
938 2822 1053 2895 orbata
1072 2846 1234 2919 negasses.

292 2945 357 3015 Dic
375 2961 506 3034 tamen,
524 2944 615 3017 unde
633 2945 698 3015 alia
715 2947 799 3015 nrihi
817 2946 944 3033 fronte,
962 2959 995 3015 et
1012 2945 1127 3015 nubila
1146 2943 1282 3017 vultu?

248 3069 343 3136 Anne
359 3066 451 3161 quod
467 3067 634 3136 Euboicos
651 3066 757 3137 fessus
775 3090 923 3137 remeare
941 3081 1075 3162 penates

247 3191 420 3285 Auguror,
438 3201 471 3257 et
489 3188 596 3282 patria
614 3177 745 3257 renium
764 3210 963 3282 componere
981 3188 1091 3259 terra?

248 3314 322 3381 Cur
339 3309 404 3381 hoc
422 3306 613 3402 tristastibil
630 3322 719 3378 certe
737 3306 870 3378 lascivia
888 3309 980 3379 oordi

247 3430 359 3515 Nulla,
378 3455 440 3500 nec
458 3422 517 3501 aut
533 3428 644 3527 rapidi
663 3429 811 3500 mulcent
828 3444 860 3500 te
880 3431 996 3526 proelia
1014 3434 1122 3518 Circi,

248 3556 317 3621 Aut
333 3554 436 3621 intrat
453 3576 568 3624 sensus
586 3550 722 3623 clamosi
741 3553 839 3623 turba
858 3552 1000 3623 theatri:

247 3674 313 3746 Sed
331 3676 497 3771 probitas,
514 3691 548 3747 et
566 3701 671 3773 opaea
690 3679 803 3771 quies,
823 3692 856 3747 et
873 3676 1007 3747 sordida
1024 3701 1194 3770 nunquam

247 3795 391 3868 Gaudia.
412 3798 507 3886 Quas
525 3812 634 3868 autem
653 3800 806 3869 comitem
826 3814 858 3868 te
876 3814 972 3893 rapto
991 3823 1052 3893 per
1071 3796 1198 3868 undas?

248 3919 470 4012 Quanquam,
489 3934 523 3989 at
540 3920 567 3989 si
585 3916 711 4015 gelidas
730 3922 813 3989 irem
832 3945 1007 3989 mansurus
1026 3918 1068 3987 ad
1086 3922 1222 4007 Arctos,

247 4038 310 4108 vel
330 4064 430 4133 super
449 4042 613 4135 Hesperia.
630 4040 713 4111 vada
733 4040 908 4135 caligantia
927 4040 1070 4129 Thales,
