<?xml version="1.0" encoding="UTF-8"?>
<!DOCTYPE html PUBLIC "-//W3C//DTD XHTML 1.0 Transitional//EN"
    "http://www.w3.org/TR/xhtml1/DTD/xhtml1-transitional.dtd">
<html xmlns="http://www.w3.org/1999/xhtml" xml:lang="en" lang="en">
 <head>
  <title>
</title>
<meta http-equiv="Content-Type" content="text/html;charset=utf-8" />
  <meta name='ocr-system' content='tesseract 3.04.00' />
  <meta name='ocr-capabilities' content='ocr_page ocr_carea ocr_par ocr_line ocrx_word'/>
</head>
<body>
  <div class='ocr_page' id='page_1' title='image "./operaquaeextant01dbgoog_0169.png"; bbox 0 0 2934 4950; ppageno 0'>
   <div class='ocr_carea' id='block_1_1' title="bbox 386 408 1433 492">
    <p class='ocr_par' dir='ltr' id='par_1_1' title="bbox 386 408 1433 492">
     <span class='ocr_line' id='line_1_1' title="bbox 386 408 1433 492; baseline -0.03 1"><span class='ocrx_word' id='word_1_1' title='bbox 386 423 441 492; x_wconf 70' lang='lat'><strong>148</strong></span> <span class='ocrx_word' id='word_1_2' title='bbox 742 424 771 478; x_wconf 86' lang='lat' dir='ltr'><strong>r.</strong></span> <span class='ocrx_word' id='word_1_3' title='bbox 795 421 918 478; x_wconf 75' lang='lat' dir='ltr'><strong>runnu</strong></span> <span class='ocrx_word' id='word_1_4' title='bbox 940 419 1064 478; x_wconf 76' lang='lat' dir='ltr'><strong>suurn</strong></span> <span class='ocrx_word' id='word_1_5' title='bbox 1248 408 1250 412; x_wconf 86' lang='grc'><em>·</em></span> <span class='ocrx_word' id='word_1_6' title='bbox 1319 420 1352 480; x_wconf 68' lang='lat' dir='ltr'><strong>p.</strong></span> <span class='ocrx_word' id='word_1_7' title='bbox 1369 420 1433 480; x_wconf 63' lang='grc' dir='ltr'><strong>ω.)</strong></span> 
     </span>
    </p>
   </div>
   <div class='ocr_carea' id='block_1_2' title="bbox 382 543 1380 1855">
    <p class='ocr_par' dir='ltr' id='par_1_2' title="bbox 382 543 1380 888">
     <span class='ocr_line' id='line_1_2' title="bbox 432 543 1380 644; baseline -0.008 -26"><span class='ocrx_word' id='word_1_8' title='bbox 432 552 497 620; x_wconf 86' lang='lat' dir='ltr'><strong>Par</strong></span> <span class='ocrx_word' id='word_1_9' title='bbox 509 551 606 644; x_wconf 83' lang='lat' dir='ltr'><strong>vigor</strong></span> <span class='ocrx_word' id='word_1_10' title='bbox 622 563 657 617; x_wconf 89' lang='lat' dir='ltr'><strong>et</strong></span> <span class='ocrx_word' id='word_1_11' title='bbox 672 548 847 634; x_wconf 88' lang='lat' dir='ltr'><strong>membris;</strong></span> <span class='ocrx_word' id='word_1_12' title='bbox 866 560 1095 641; x_wconf 73' lang='lat' dir='ltr'><strong>promptaeque</strong></span> <span class='ocrx_word' id='word_1_13' title='bbox 1112 543 1155 613; x_wconf 93' lang='lat' dir='ltr'><strong>ad</strong></span> <span class='ocrx_word' id='word_1_14' title='bbox 1173 543 1272 612; x_wconf 83' lang='lat' dir='ltr'><strong>fortia</strong></span> <span class='ocrx_word' id='word_1_15' title='bbox 1288 545 1380 612; x_wconf 81' lang='lat' dir='ltr'><strong>vires</strong></span> 
     </span>
     <span class='ocr_line' id='line_1_3' title="bbox 383 655 1312 763; baseline -0.009 -22"><span class='ocrx_word' id='word_1_16' title='bbox 383 671 562 742; x_wconf 88' lang='lat' dir='ltr'><strong>Sufficiunt</strong></span> <span class='ocrx_word' id='word_1_17' title='bbox 578 671 708 759; x_wconf 90' lang='lat' dir='ltr'><strong>animo,</strong></span> <span class='ocrx_word' id='word_1_18' title='bbox 726 655 992 763; x_wconf 68' lang='lat' dir='ltr'><strong>atque&#39;ingentia</strong></span> <span class='ocrx_word' id='word_1_19' title='bbox 1006 667 1097 762; x_wconf 83' lang='lat' dir='ltr'><strong>jussa</strong></span> <span class='ocrx_word' id='word_1_20' title='bbox 1114 680 1312 760; x_wconf 84' lang='lat' dir='ltr'><strong>sequuntur.</strong></span> 
     </span>
     <span class='ocr_line' id='line_1_4' title="bbox 382 787 1164 888; baseline -0.006 -27"><span class='ocrx_word' id='word_1_21' title='bbox 382 796 459 888; x_wconf 89' lang='lat' dir='ltr'><strong>Ipse</strong></span> <span class='ocrx_word' id='word_1_22' title='bbox 476 815 538 887; x_wconf 81' lang='lat' dir='ltr'><strong>ego</strong></span> <span class='ocrx_word' id='word_1_23' title='bbox 556 807 590 861; x_wconf 88' lang='lat' dir='ltr'><strong>te</strong></span> <span class='ocrx_word' id='word_1_24' title='bbox 607 815 715 886; x_wconf 82' lang='lat' dir='ltr'>nuper</span> <span class='ocrx_word' id='word_1_25' title='bbox 731 791 891 861; x_wconf 91' lang='lat' dir='ltr'><strong>Tiberino</strong></span> <span class='ocrx_word' id='word_1_26' title='bbox 909 805 947 858; x_wconf 93' lang='lat' dir='ltr'><strong>ut</strong></span> <span class='ocrx_word' id='word_1_27' title='bbox 963 787 1061 857; x_wconf 92' lang='lat' dir='ltr'><strong>litore</strong></span> <span class='ocrx_word' id='word_1_28' title='bbox 1079 787 1164 876; x_wconf 87' lang='lat' dir='ltr'><strong>vidi,</strong></span> 
     </span>
    </p>

    <p class='ocr_par' dir='ltr' id='par_1_3' title="bbox 383 909 1265 1248">
     <span class='ocr_line' id='line_1_5' title="bbox 383 909 1265 1008; baseline -0.005 -26"><span class='ocrx_word' id='word_1_29' title='bbox 383 915 461 1003; x_wconf 89' lang='lat' dir='ltr'><strong>Qua</strong></span> <span class='ocrx_word' id='word_1_30' title='bbox 478 913 652 1008; x_wconf 80' lang='lat' dir='ltr'><strong>Tyrrhena</strong></span> <span class='ocrx_word' id='word_1_31' title='bbox 669 910 763 980; x_wconf 86' lang='lat' dir='ltr'><strong>vadis</strong></span> <span class='ocrx_word' id='word_1_32' title='bbox 780 911 1006 990; x_wconf 76' lang='lat' dir='ltr'><strong>Laurentibus</strong></span> <span class='ocrx_word' id='word_1_33' title='bbox 1022 923 1139 978; x_wconf 74' lang='lat' dir='ltr'><strong>aestuat</strong></span> <span class='ocrx_word' id='word_1_34' title='bbox 1156 909 1265 996; x_wconf 80' lang='lat' dir='ltr'><strong>unda,</strong></span> 
     </span>
     <span class='ocr_line' id='line_1_6' title="bbox 383 1030 1241 1125; baseline -0.008 -19"><span class='ocrx_word' id='word_1_35' title='bbox 383 1034 588 1106; x_wconf 83' lang='lat' dir='ltr'><strong>Pendentem</strong></span> <span class='ocrx_word' id='word_1_36' title='bbox 605 1034 793 1120; x_wconf 87' lang='lat' dir='ltr'><strong>incursus,</strong></span> <span class='ocrx_word' id='word_1_37' title='bbox 811 1047 1054 1125; x_wconf 81' lang='lat' dir='ltr'><strong>vexantemque</strong></span> <span class='ocrx_word' id='word_1_38' title='bbox 1072 1031 1129 1100; x_wconf 82' lang='lat' dir='ltr'><strong>ilia</strong></span> <span class='ocrx_word' id='word_1_39' title='bbox 1148 1030 1241 1101; x_wconf 90' lang='lat' dir='ltr'><strong>nudo</strong></span> 
     </span>
     <span class='ocr_line' id='line_1_7' title="bbox 383 1129 1247 1248; baseline -0.006 -23"><span class='ocrx_word' id='word_1_40' title='bbox 383 1154 486 1226; x_wconf 87' lang='lat' dir='ltr'><strong>Calce</strong></span> <span class='ocrx_word' id='word_1_41' title='bbox 502 1155 621 1224; x_wconf 81' lang='lat' dir='ltr'><strong>ferocis</strong></span> <span class='ocrx_word' id='word_1_42' title='bbox 637 1129 731 1248; x_wconf 88' lang='lat' dir='ltr'><strong>equi,</strong></span> <span class='ocrx_word' id='word_1_43' title='bbox 749 1151 845 1222; x_wconf 85' lang='lat' dir='ltr'><strong>vultu</strong></span> <span class='ocrx_word' id='word_1_44' title='bbox 864 1152 1048 1245; x_wconf 82' lang='lat' dir='ltr'><strong>dextraque</strong></span> <span class='ocrx_word' id='word_1_45' title='bbox 1065 1153 1247 1238; x_wconf 71' lang='lat' dir='ltr'><strong>minacem,</strong></span> 
     </span>
    </p>

    <p class='ocr_par' dir='ltr' id='par_1_4' title="bbox 383 1273 1310 1612">
     <span class='ocr_line' id='line_1_8' title="bbox 383 1273 1257 1376; baseline -0.008 -29"><span class='ocrx_word' id='word_1_46' title='bbox 383 1279 418 1347; x_wconf 92' lang='lat' dir='ltr'><strong>Si</strong></span> <span class='ocrx_word' id='word_1_47' title='bbox 436 1301 503 1371; x_wconf 85' lang='lat' dir='ltr'><strong>qua</strong></span> <span class='ocrx_word' id='word_1_48' title='bbox 519 1274 601 1346; x_wconf 75' lang='lat' dir='ltr'><strong>fidos</strong></span> <span class='ocrx_word' id='word_1_49' title='bbox 619 1275 732 1376; x_wconf 69' lang='lat' dir='ltr'><strong>dictis,</strong></span> <span class='ocrx_word' id='word_1_50' title='bbox 752 1273 883 1368; x_wconf 87' lang='lat' dir='ltr'><strong>stupui,</strong></span> <span class='ocrx_word' id='word_1_51' title='bbox 901 1275 1113 1366; x_wconf 85' lang='lat' dir='ltr'><strong>Martemque</strong></span> <span class='ocrx_word' id='word_1_52' title='bbox 1130 1273 1257 1366; x_wconf 86' lang='lat' dir='ltr'><strong>putavi.</strong></span> 
     </span>
     <span class='ocr_line' id='line_1_9' title="bbox 384 1395 1310 1492; baseline -0.009 -22"><span class='ocrx_word' id='word_1_53' title='bbox 384 1397 511 1470; x_wconf 87' lang='lat' dir='ltr'><strong>Getulo</strong></span> <span class='ocrx_word' id='word_1_54' title='bbox 528 1399 575 1466; x_wconf 91' lang='lat' dir='ltr'><strong>sic</strong></span> <span class='ocrx_word' id='word_1_55' title='bbox 593 1395 735 1492; x_wconf 86' lang='lat' dir='ltr'><strong>pulcher</strong></span> <span class='ocrx_word' id='word_1_56' title='bbox 752 1419 854 1489; x_wconf 89' lang='lat' dir='ltr'><strong>equo,</strong></span> <span class='ocrx_word' id='word_1_57' title='bbox 873 1395 1085 1489; x_wconf 84' lang='lat' dir='ltr'><strong>Trojanaque</strong></span> <span class='ocrx_word' id='word_1_58' title='bbox 1101 1419 1264 1490; x_wconf 84' lang='lat' dir='ltr'><strong>quassans</strong></span> <span class='ocrx_word' id='word_1_59' title='bbox 1297 1477 1310 1482; x_wconf 94' lang='lat'><strong>..</strong></span> 
     </span>
     <span class='ocr_line' id='line_1_10' title="bbox 384 1515 1106 1612; baseline -0.003 -24"><span class='ocrx_word' id='word_1_60' title='bbox 384 1516 484 1606; x_wconf 82' lang='lat' dir='ltr'><strong>Tela,</strong></span> <span class='ocrx_word' id='word_1_61' title='bbox 501 1515 694 1587; x_wconf 80' lang='lat' dir='ltr'><strong>novercales</strong></span> <span class='ocrx_word' id='word_1_62' title='bbox 712 1517 784 1586; x_wconf 88' lang='lat' dir='ltr'><strong>ibat</strong></span> <span class='ocrx_word' id='word_1_63' title='bbox 799 1529 939 1594; x_wconf 69' lang='lat' dir='ltr'><strong>uenator</strong></span> <span class='ocrx_word' id='word_1_64' title='bbox 955 1517 991 1586; x_wconf 92' lang='lat' dir='ltr'><strong>in</strong></span> <span class='ocrx_word' id='word_1_65' title='bbox 1008 1541 1106 1612; x_wconf 82' lang='lat' dir='ltr'><strong>agros</strong></span> 
     </span>
    </p>

    <p class='ocr_par' dir='ltr' id='par_1_5' title="bbox 384 1637 1240 1855">
     <span class='ocr_line' id='line_1_11' title="bbox 384 1637 1240 1734; baseline -0.002 -24"><span class='ocrx_word' id='word_1_66' title='bbox 384 1641 564 1727; x_wconf 84' lang='lat' dir='ltr'><strong>Ascanius,</strong></span> <span class='ocrx_word' id='word_1_67' title='bbox 580 1639 803 1732; x_wconf 90' lang='lat' dir='ltr'><strong>miseramque</strong></span> <span class='ocrx_word' id='word_1_68' title='bbox 820 1639 909 1732; x_wconf 85' lang='lat' dir='ltr'><strong>patri</strong></span> <span class='ocrx_word' id='word_1_69' title='bbox 925 1637 1088 1734; x_wconf 81' lang='lat' dir='ltr'><strong>flagrabat</strong></span> <span class='ocrx_word' id='word_1_70' title='bbox 1104 1637 1240 1708; x_wconf 86' lang='lat' dir='ltr'><strong>Elisam.</strong></span> 
     </span>
     <span class='ocr_line' id='line_1_12' title="bbox 384 1758 1236 1855; baseline 0 -25"><span class='ocrx_word' id='word_1_71' title='bbox 384 1759 518 1830; x_wconf 82' lang='lat' dir='ltr'><strong>Troilus</strong></span> <span class='ocrx_word' id='word_1_72' title='bbox 533 1759 626 1829; x_wconf 86' lang='lat' dir='ltr'><strong>haud</strong></span> <span class='ocrx_word' id='word_1_73' title='bbox 642 1758 741 1828; x_wconf 81' lang='lat' dir='ltr'><strong>aliter</strong></span> <span class='ocrx_word' id='word_1_74' title='bbox 759 1784 842 1855; x_wconf 86' lang='lat' dir='ltr'><strong>gyro</strong></span> <span class='ocrx_word' id='word_1_75' title='bbox 860 1759 1013 1829; x_wconf 83' lang='lat' dir='ltr'><strong>breviore</strong></span> <span class='ocrx_word' id='word_1_76' title='bbox 1028 1759 1195 1830; x_wconf 83' lang='lat' dir='ltr'><strong>minantes</strong></span> <span class='ocrx_word' id='word_1_77' title='bbox 1234 1762 1236 1764; x_wconf 68' lang='grc'><strong>’</strong></span> 
     </span>
    </p>
   </div>
   <div class='ocr_carea' id='block_1_3' title="bbox 260 1880 1215 1976">
    <p class='ocr_par' dir='ltr' id='par_1_6' title="bbox 260 1880 1215 1976">
     <span class='ocr_line' id='line_1_13' title="bbox 260 1880 1215 1976; baseline 0 -24"><span class='ocrx_word' id='word_1_78' title='bbox 260 1883 263 1886; x_wconf 67' lang='grc'><strong><em>’</em></strong></span> <span class='ocrx_word' id='word_1_79' title='bbox 384 1880 552 1952; x_wconf 86' lang='lat' dir='ltr'><strong>Eludebat</strong></span> <span class='ocrx_word' id='word_1_80' title='bbox 567 1905 673 1976; x_wconf 84' lang='lat' dir='ltr'><strong>cqups</strong></span> <span class='ocrx_word' id='word_1_81' title='bbox 691 1906 699 1948; x_wconf 91' lang='lat'><strong>:</strong></span> <span class='ocrx_word' id='word_1_82' title='bbox 718 1895 778 1950; x_wconf 91' lang='lat' dir='ltr'><strong>aut</strong></span> <span class='ocrx_word' id='word_1_83' title='bbox 794 1904 893 1974; x_wconf 88' lang='lat' dir='ltr'><strong>quem</strong></span> <span class='ocrx_word' id='word_1_84' title='bbox 913 1881 954 1949; x_wconf 89' lang='lat' dir='ltr'><strong>de</strong></span> <span class='ocrx_word' id='word_1_85' title='bbox 972 1880 1215 1964; x_wconf 84' lang='lat' dir='ltr'><strong>turribusaltis</strong></span> 
     </span>
    </p>
   </div>
   <div class='ocr_carea' id='block_1_4' title="bbox 320 2002 1429 4171">
    <p class='ocr_par' dir='ltr' id='par_1_7' title="bbox 384 2002 1236 2219">
     <span class='ocr_line' id='line_1_14' title="bbox 384 2002 1236 2102; baseline -0.004 -27"><span class='ocrx_word' id='word_1_86' title='bbox 384 2003 537 2102; x_wconf 79' lang='lat' dir='ltr'><strong>Arcadas</strong></span> <span class='ocrx_word' id='word_1_87' title='bbox 549 2004 682 2098; x_wconf 83' lang='lat' dir='ltr'><strong>Ogygio</strong></span> <span class='ocrx_word' id='word_1_88' title='bbox 698 2017 885 2075; x_wconf 80' lang='lat' dir='ltr'><strong>versantem</strong></span> <span class='ocrx_word' id='word_1_89' title='bbox 902 2005 938 2071; x_wconf 88' lang='lat' dir='ltr'><strong>in</strong></span> <span class='ocrx_word' id='word_1_90' title='bbox 954 2002 1091 2098; x_wconf 87' lang='lat' dir='ltr'><strong>pulvere</strong></span> <span class='ocrx_word' id='word_1_91' title='bbox 1109 2017 1236 2074; x_wconf 85' lang='lat' dir='ltr'><strong>turmas</strong></span> 
     </span>
     <span class='ocr_line' id='line_1_15' title="bbox 386 2123 1210 2219; baseline -0.002 -25"><span class='ocrx_word' id='word_1_92' title='bbox 386 2125 588 2218; x_wconf 72' lang='lat' dir='ltr'><strong>Spectabunt</strong></span> <span class='ocrx_word' id='word_1_93' title='bbox 604 2125 712 2219; x_wconf 82' lang='lat' dir='ltr'><strong>Tyriae</strong></span> <span class='ocrx_word' id='word_1_94' title='bbox 729 2148 799 2193; x_wconf 93' lang='lat' dir='ltr'><strong>non</strong></span> <span class='ocrx_word' id='word_1_95' title='bbox 817 2139 914 2194; x_wconf 90' lang='lat' dir='ltr'><strong>torvo</strong></span> <span class='ocrx_word' id='word_1_96' title='bbox 932 2123 1059 2194; x_wconf 90' lang='lat' dir='ltr'><strong>lumine</strong></span> <span class='ocrx_word' id='word_1_97' title='bbox 1073 2140 1210 2206; x_wconf 86' lang='lat' dir='ltr'><strong>matres.</strong></span> 
     </span>
    </p>

    <p class='ocr_par' dir='ltr' id='par_1_8' title="bbox 351 2244 1429 3433">
     <span class='ocr_line' id='line_1_16' title="bbox 433 2244 1334 2343; baseline 0.002 -27"><span class='ocrx_word' id='word_1_98' title='bbox 433 2251 525 2343; x_wconf 84' lang='lat' dir='ltr'><strong>Ergo</strong></span> <span class='ocrx_word' id='word_1_99' title='bbox 541 2273 618 2343; x_wconf 84' lang='lat' dir='ltr'><strong>age,</strong></span> <span class='ocrx_word' id='word_1_100' title='bbox 636 2270 714 2315; x_wconf 88' lang='lat' dir='ltr'><strong>nam</strong></span> <span class='ocrx_word' id='word_1_101' title='bbox 732 2248 847 2342; x_wconf 81' lang='lat' dir='ltr'><strong>magni</strong></span> <span class='ocrx_word' id='word_1_102' title='bbox 865 2245 959 2316; x_wconf 91' lang='lat' dir='ltr'><strong>ducis</strong></span> <span class='ocrx_word' id='word_1_103' title='bbox 977 2244 1185 2340; x_wconf 84' lang='lat' dir='ltr'><strong>indulgentia</strong></span> <span class='ocrx_word' id='word_1_104' title='bbox 1204 2246 1334 2342; x_wconf 84' lang='lat' dir='ltr'><strong>pulsat,</strong></span> 
     </span>
     <span class='ocr_line' id='line_1_17' title="bbox 385 2364 1159 2462; baseline -0.004 -24"><span class='ocrx_word' id='word_1_105' title='bbox 385 2371 553 2462; x_wconf 85' lang='lat' dir='ltr'><strong>Certaque</strong></span> <span class='ocrx_word' id='word_1_106' title='bbox 570 2365 628 2436; x_wconf 88' lang='lat' dir='ltr'><strong>dat</strong></span> <span class='ocrx_word' id='word_1_107' title='bbox 647 2368 734 2436; x_wconf 89' lang='lat' dir='ltr'><strong>votis</strong></span> <span class='ocrx_word' id='word_1_108' title='bbox 751 2364 867 2437; x_wconf 89' lang='lat' dir='ltr'><strong>hilaris</strong></span> <span class='ocrx_word' id='word_1_109' title='bbox 885 2367 1024 2462; x_wconf 82' lang='lat' dir='ltr'><strong>vestigia</strong></span> <span class='ocrx_word' id='word_1_110' title='bbox 1042 2366 1159 2455; x_wconf 70' lang='lat' dir='ltr'><strong>frater,</strong></span> 
     </span>
     <span class='ocr_line' id='line_1_18' title="bbox 387 2487 1299 2584; baseline 0 -25"><span class='ocrx_word' id='word_1_111' title='bbox 387 2493 512 2584; x_wconf 83' lang='lat' dir='ltr'><strong>Surge,</strong></span> <span class='ocrx_word' id='word_1_112' title='bbox 531 2490 645 2558; x_wconf 87' lang='lat' dir='ltr'><strong>animo</strong></span> <span class='ocrx_word' id='word_1_113' title='bbox 661 2504 695 2557; x_wconf 89' lang='lat' dir='ltr'><strong>et</strong></span> <span class='ocrx_word' id='word_1_114' title='bbox 711 2487 814 2558; x_wconf 85' lang='lat' dir='ltr'><strong>fortes</strong></span> <span class='ocrx_word' id='word_1_115' title='bbox 832 2504 1017 2558; x_wconf 81' lang='lat' dir='ltr'><strong>castrorum</strong></span> <span class='ocrx_word' id='word_1_116' title='bbox 1035 2489 1174 2583; x_wconf 87' lang='lat' dir='ltr'><strong>concipe</strong></span> <span class='ocrx_word' id='word_1_117' title='bbox 1188 2512 1299 2573; x_wconf 84' lang='lat' dir='ltr'><strong>curas.</strong></span> 
     </span>
     <span class='ocr_line' id='line_1_19' title="bbox 383 2610 1224 2706; baseline 0 -27"><span class='ocrx_word' id='word_1_118' title='bbox 383 2610 626 2679; x_wconf 85' lang='lat' dir='ltr'><strong>Monstrabunt</strong></span> <span class='ocrx_word' id='word_1_119' title='bbox 642 2611 729 2680; x_wconf 79' lang='lat' dir='ltr'><strong>acies</strong></span> <span class='ocrx_word' id='word_1_120' title='bbox 746 2610 898 2697; x_wconf 78' lang='lat' dir='ltr'><strong>Mavors,</strong></span> <span class='ocrx_word' id='word_1_121' title='bbox 916 2614 1095 2704; x_wconf 84' lang='lat' dir='ltr'><strong>Actaeaque</strong></span> <span class='ocrx_word' id='word_1_122' title='bbox 1112 2611 1224 2706; x_wconf 80' lang='lat' dir='ltr'><strong>rirg03</strong></span> 
     </span>
     <span class='ocr_line' id='line_1_20' title="bbox 351 2728 1429 2827; baseline 0.001 -25"><span class='ocrx_word' id='word_1_123' title='bbox 351 2797 354 2802; x_wconf 87' lang='lat'><em>.</em></span> <span class='ocrx_word' id='word_1_124' title='bbox 384 2731 532 2803; x_wconf 88' lang='lat' dir='ltr'><strong>Flectere</strong></span> <span class='ocrx_word' id='word_1_125' title='bbox 548 2728 669 2803; x_wconf 82' lang='lat' dir='ltr'><strong>Castor</strong></span> <span class='ocrx_word' id='word_1_126' title='bbox 684 2756 802 2827; x_wconf 88' lang='lat' dir='ltr'><strong>equos,</strong></span> <span class='ocrx_word' id='word_1_127' title='bbox 820 2732 968 2801; x_wconf 89' lang='lat' dir='ltr'><strong>humeris</strong></span> <span class='ocrx_word' id='word_1_128' title='bbox 986 2746 1124 2826; x_wconf 85' lang='lat' dir='ltr'><strong>quatere</strong></span> <span class='ocrx_word' id='word_1_129' title='bbox 1142 2757 1235 2802; x_wconf 86' lang='lat' dir='ltr'><strong>arma</strong></span> <span class='ocrx_word' id='word_1_130' title='bbox 1252 2734 1429 2823; x_wconf 88' lang='lat' dir='ltr'><strong>Quirinus,</strong></span> 
     </span>
     <span class='ocr_line' id='line_1_21' title="bbox 384 2850 1225 2948; baseline -0.004 -25"><span class='ocrx_word' id='word_1_131' title='bbox 384 2856 456 2941; x_wconf 92' lang='lat' dir='ltr'><strong>Qui</strong></span> <span class='ocrx_word' id='word_1_132' title='bbox 474 2854 535 2928; x_wconf 90' lang='lat' dir='ltr'><strong>tibi</strong></span> <span class='ocrx_word' id='word_1_133' title='bbox 552 2868 622 2924; x_wconf 86' lang='lat' dir='ltr'><strong>tam</strong></span> <span class='ocrx_word' id='word_1_134' title='bbox 640 2868 754 2924; x_wconf 86' lang='lat' dir='ltr'><strong>tenero</strong></span> <span class='ocrx_word' id='word_1_135' title='bbox 772 2853 923 2948; x_wconf 85' lang='lat' dir='ltr'><strong>permisit</strong></span> <span class='ocrx_word' id='word_1_136' title='bbox 942 2852 1101 2948; x_wconf 85' lang='lat' dir='ltr'><strong>plaudere</strong></span> <span class='ocrx_word' id='word_1_137' title='bbox 1118 2850 1225 2939; x_wconf 89' lang='lat' dir='ltr'><strong>collo</strong></span> 
     </span>
     <span class='ocr_line' id='line_1_22' title="bbox 383 2974 1209 3071; baseline -0.004 -25"><span class='ocrx_word' id='word_1_138' title='bbox 383 2974 578 3070; x_wconf 77' lang='lat' dir='ltr'><strong>Nubigenae</strong></span> <span class='ocrx_word' id='word_1_139' title='bbox 595 2974 745 3071; x_wconf 86' lang='lat' dir='ltr'><strong>clypeos,</strong></span> <span class='ocrx_word' id='word_1_140' title='bbox 764 2978 955 3069; x_wconf 83' lang='lat' dir='ltr'><strong>intactaque</strong></span> <span class='ocrx_word' id='word_1_141' title='bbox 972 2975 1117 3045; x_wconf 71' lang='lat' dir='ltr'><strong>caedibus</strong></span> <span class='ocrx_word' id='word_1_142' title='bbox 1134 3000 1209 3045; x_wconf 85' lang='lat' dir='ltr'><strong>aera.</strong></span> 
     </span>
     <span class='ocr_line' id='line_1_23' title="bbox 382 3097 1392 3192; baseline 0.002 -27"><span class='ocrx_word' id='word_1_143' title='bbox 382 3098 558 3187; x_wconf 86' lang='lat' dir='ltr'><strong>Quasnam</strong></span> <span class='ocrx_word' id='word_1_144' title='bbox 575 3098 679 3192; x_wconf 82' lang='lat' dir='ltr'><strong>igitur</strong></span> <span class='ocrx_word' id='word_1_145' title='bbox 697 3112 816 3184; x_wconf 75' lang='lat' dir='ltr'><strong>terrae,</strong></span> <span class='ocrx_word' id='word_1_146' title='bbox 834 3121 933 3190; x_wconf 89' lang='lat' dir='ltr'><strong>quem</strong></span> <span class='ocrx_word' id='word_1_147' title='bbox 951 3097 1090 3165; x_wconf 85' lang='lat' dir='ltr'><strong>Caesaris</strong></span> <span class='ocrx_word' id='word_1_148' title='bbox 1108 3097 1175 3181; x_wconf 37' lang='lat' dir='ltr'><strong>ibis,</strong></span> <span class='ocrx_word' id='word_1_149' title='bbox 1189 3098 1225 3165; x_wconf 91' lang='lat' dir='ltr'><strong>in</strong></span> <span class='ocrx_word' id='word_1_150' title='bbox 1240 3098 1392 3183; x_wconf 83' lang='lat' dir='ltr'><strong>¹orbern?&#39;</strong></span> 
     </span>
     <span class='ocr_line' id='line_1_24' title="bbox 382 3204 1163 3306; baseline -0.003 -17"><span class='ocrx_word' id='word_1_151' title='bbox 382 3221 567 3289; x_wconf 84' lang='lat' dir='ltr'><strong>Arctoosne</strong></span> <span class='ocrx_word' id='word_1_152' title='bbox 584 3241 713 3306; x_wconf 82' lang='lat' dir='ltr'><strong>amnes,</strong></span> <span class='ocrx_word' id='word_1_153' title='bbox 730 3231 764 3286; x_wconf 91' lang='lat' dir='ltr'><strong>et</strong></span> <span class='ocrx_word' id='word_1_154' title='bbox 781 3216 891 3287; x_wconf 88' lang='lat' dir='ltr'><strong>Rheni</strong></span> <span class='ocrx_word' id='word_1_155' title='bbox 909 3216 1015 3286; x_wconf 88' lang='lat' dir='ltr'><strong>fracta</strong></span> <span class='ocrx_word' id='word_1_156' title='bbox 1031 3204 1163 3287; x_wconf 81' lang='lat' dir='ltr'><strong>natabis</strong></span> 
     </span>
     <span class='ocr_line' id='line_1_25' title="bbox 382 3337 1246 3433; baseline 0.005 -26"><span class='ocrx_word' id='word_1_157' title='bbox 382 3337 559 3408; x_wconf 77' lang='lat' dir='ltr'><strong>Flumina?</strong></span> <span class='ocrx_word' id='word_1_158' title='bbox 576 3363 620 3408; x_wconf 88' lang='lat' dir='ltr'><strong>an</strong></span> <span class='ocrx_word' id='word_1_159' title='bbox 635 3337 786 3409; x_wconf 80' lang='lat' dir='ltr'><strong>aestiferis</strong></span> <span class='ocrx_word' id='word_1_160' title='bbox 804 3339 917 3433; x_wconf 77' lang='lat' dir='ltr'><strong>Libyae</strong></span> <span class='ocrx_word' id='word_1_161' title='bbox 934 3338 1068 3409; x_wconf 90' lang='lat' dir='ltr'><strong>sudabis</strong></span> <span class='ocrx_word' id='word_1_162' title='bbox 1086 3340 1121 3409; x_wconf 94' lang='lat' dir='ltr'><strong>in</strong></span> <span class='ocrx_word' id='word_1_163' title='bbox 1138 3342 1246 3413; x_wconf 78' lang='lat' dir='ltr'><strong>arvis?</strong></span> 
     </span>
    </p>

    <p class='ocr_par' dir='ltr' id='par_1_9' title="bbox 320 3461 1300 4171">
     <span class='ocr_line' id='line_1_26' title="bbox 381 3461 1208 3556; baseline 0 -23"><span class='ocrx_word' id='word_1_164' title='bbox 381 3469 435 3533; x_wconf 78' lang='lat' dir='ltr'><strong>An</strong></span> <span class='ocrx_word' id='word_1_165' title='bbox 448 3462 532 3556; x_wconf 83' lang='lat' dir='ltr'><strong>juga</strong></span> <span class='ocrx_word' id='word_1_166' title='bbox 547 3463 745 3550; x_wconf 76' lang='lat' dir='ltr'><strong>Pannoniae,</strong></span> <span class='ocrx_word' id='word_1_167' title='bbox 764 3474 1012 3555; x_wconf 87' lang='lat' dir='ltr'><strong>mutatoresque</strong></span> <span class='ocrx_word' id='word_1_168' title='bbox 1031 3461 1208 3533; x_wconf 89' lang='lat' dir='ltr'><strong>domorum</strong></span> 
     </span>
     <span class='ocr_line' id='line_1_27' title="bbox 320 3560 1205 3677; baseline 0.003 -26"><span class='ocrx_word' id='word_1_169' title='bbox 320 3560 323 3563; x_wconf 22' lang='lat'><strong>⁴</strong></span> <span class='ocrx_word' id='word_1_170' title='bbox 382 3584 597 3652; x_wconf 85' lang='lat' dir='ltr'><strong>Sauromatas</strong></span> <span class='ocrx_word' id='word_1_171' title='bbox 615 3582 765 3676; x_wconf 82' lang='lat' dir='ltr'><strong>quaties?</strong></span> <span class='ocrx_word' id='word_1_172' title='bbox 782 3608 825 3651; x_wconf 92' lang='lat' dir='ltr'><strong>an</strong></span> <span class='ocrx_word' id='word_1_173' title='bbox 844 3598 877 3653; x_wconf 89' lang='lat' dir='ltr'><strong>te</strong></span> <span class='ocrx_word' id='word_1_174' title='bbox 894 3598 1051 3677; x_wconf 85' lang='lat' dir='ltr'><strong>septenus</strong></span> <span class='ocrx_word' id='word_1_175' title='bbox 1068 3584 1205 3654; x_wconf 86' lang='lat' dir='ltr'><strong>babebit</strong></span> 
     </span>
     <span class='ocr_line' id='line_1_28' title="bbox 381 3703 1198 3799; baseline 0.004 -28"><span class='ocrx_word' id='word_1_176' title='bbox 381 3704 480 3786; x_wconf 89' lang='lat' dir='ltr'><strong>Ister,</strong></span> <span class='ocrx_word' id='word_1_177' title='bbox 497 3716 530 3772; x_wconf 90' lang='lat' dir='ltr'><strong>et</strong></span> <span class='ocrx_word' id='word_1_178' title='bbox 546 3703 679 3773; x_wconf 84' lang='lat' dir='ltr'><strong>undoso</strong></span> <span class='ocrx_word' id='word_1_179' title='bbox 697 3703 893 3773; x_wconf 86' lang='lat' dir='ltr'><strong>circumflua</strong></span> <span class='ocrx_word' id='word_1_180' title='bbox 910 3705 1052 3799; x_wconf 81' lang='lat' dir='ltr'><strong>conjuge</strong></span> <span class='ocrx_word' id='word_1_181' title='bbox 1069 3705 1198 3775; x_wconf 78' lang='lat' dir='ltr'><strong>Peuce?</strong></span> 
     </span>
     <span class='ocr_line' id='line_1_29' title="bbox 379 3824 1300 3923; baseline 0.003 -27"><span class='ocrx_word' id='word_1_182' title='bbox 379 3830 433 3896; x_wconf 84' lang='lat' dir='ltr'><strong>An</strong></span> <span class='ocrx_word' id='word_1_183' title='bbox 451 3824 626 3920; x_wconf 85' lang='lat' dir='ltr'><strong>Solymum</strong></span> <span class='ocrx_word' id='word_1_184' title='bbox 643 3826 809 3911; x_wconf 83' lang='lat' dir='ltr'><strong>cinerem,</strong></span> <span class='ocrx_word' id='word_1_185' title='bbox 827 3824 1156 3923; x_wconf 81' lang='lat' dir='ltr'><strong>palmetaquecapta</strong></span> <span class='ocrx_word' id='word_1_186' title='bbox 1172 3829 1300 3899; x_wconf 89' lang='lat' dir='ltr'><strong>subibis</strong></span> 
     </span>
     <span class='ocr_line' id='line_1_30' title="bbox 380 3934 1247 4042; baseline 0.001 -26"><span class='ocrx_word' id='word_1_187' title='bbox 380 3948 460 4016; x_wconf 88' lang='lat' dir='ltr'><strong>Non</strong></span> <span class='ocrx_word' id='word_1_188' title='bbox 477 3946 540 4017; x_wconf 89' lang='lat' dir='ltr'><strong>sibi</strong></span> <span class='ocrx_word' id='word_1_189' title='bbox 558 3944 669 4017; x_wconf 90' lang='lat' dir='ltr'><strong>selices</strong></span> <span class='ocrx_word' id='word_1_190' title='bbox 686 3946 786 4017; x_wconf 88' lang='lat' dir='ltr'><strong>silvas</strong></span> <span class='ocrx_word' id='word_1_191' title='bbox 803 3948 958 4042; x_wconf 86' lang='lat' dir='ltr'><strong>ponentis</strong></span> <span class='ocrx_word' id='word_1_192' title='bbox 974 3948 1131 4019; x_wconf 84' lang='lat' dir='ltr'><strong>Idumes?</strong></span> <span class='ocrx_word' id='word_1_193' title='bbox 1244 3934 1247 3943; x_wconf 48' lang='lat'><strong>¹</strong></span> 
     </span>
     <span class='ocr_line' id='line_1_31' title="bbox 381 4050 1135 4171; baseline 0.004 -36"><span class='ocrx_word' id='word_1_194' title='bbox 381 4066 484 4154; x_wconf 87' lang='lat' dir='ltr'><strong>Quod</strong></span> <span class='ocrx_word' id='word_1_195' title='bbox 503 4068 531 4137; x_wconf 87' lang='lat' dir='ltr'><strong>si</strong></span> <span class='ocrx_word' id='word_1_196' title='bbox 549 4084 583 4137; x_wconf 93' lang='lat' dir='ltr'><strong>te</strong></span> <span class='ocrx_word' id='word_1_197' title='bbox 599 4093 722 4164; x_wconf 84' lang='lat' dir='ltr'><strong>magno</strong></span> <span class='ocrx_word' id='word_1_198' title='bbox 740 4067 844 4171; x_wconf 85' lang='lat' dir='ltr'><strong>tellus¹</strong></span> <span class='ocrx_word' id='word_1_199' title='bbox 856 4062 985 4137; x_wconf 83' lang='lat' dir='ltr'><strong>frenata</strong></span> <span class='ocrx_word' id='word_1_200' title='bbox 1003 4050 1135 4162; x_wconf 80' lang='lat' dir='ltr'><strong>parenti</strong></span> 
     </span>
    </p>
   </div>
   <div class='ocr_carea' id='block_1_5' title="bbox 0 0 1472 4950">
    <p class='ocr_par' dir='ltr' id='par_1_10' title="bbox 0 0 1472 4950">
     <span class='ocr_line' id='line_1_32' title="bbox 0 0 1472 4950; baseline 0 0"><span class='ocrx_word' id='word_1_201' title='bbox 0 0 1472 4950; x_wconf 95' lang='lat' dir='ltr'><strong> </strong></span> 
     </span>
    </p>
   </div>
  </div>
 </body>
</html>
