2934 4950
356 499 412 560 330
727 504 1026 561 unnottttotttts

352 619 494 678 Barthius.
510 622 544 675 ln
562 619 652 676 Statio
667 631 805 696 sequente
818 640 904 677 versu
917 620 1010 692 ejecto
1024 620 1165 693 conjecit:
1184 623 1276 676 ιἰινιζςα
1288 619 1345 699 [se.
1358 623 1402 678 nbi

352 713 441 783 bella,
455 732 490 770 ex
503 709 574 790 seq.]
588 713 701 789 capessi
712 710 886 790 (capessivij,
901 739 913 763 α
925 715 985 770 Nee
1001 713 1053 769 tibi
1070 733 1092 770 s.
1107 733 1129 769 s.
1144 715 1162 769 i.
1177 714 1254 772 belia
1273 735 1306 790 p.
1319 742 1332 765 1.

396 818 451 874 Vel
468 820 591 894 iugmtce
605 815 644 895 (v.
662 819 741 895 907).
761 820 817 874 ΜΒ
833 840 840 873 :
859 838 932 874 «uec
946 819 1062 895 ingny
1076 839 1236 894 perperam.

741 1056 781 1110 IN
803 1054 951 1110 LIBRUM
972 1055 1010 1109 X.

392 1297 518 1351 Ismenos
538 1294 628 1367 mptt's
645 1291 684 1369 (v.
701 1291 760 1368 27).
778 1293 834 1348 ΜΒ
847 1302 876 1348 et
890 1291 974 1366 pauci
993 1293 1028 1348 al.
1051 1312 1057 1346 :
1078 1295 1163 1365 rapti.

391 1403 476 1457 Juvat
487 1399 641 1456 exhaustos
655 1397 693 1476 (v.
711 1399 747 1455 36
762 1395 845 1475 sqq.).
861 1399 950 1454 Recte
967 1397 1071 1454 Markl.
1086 1399 1129 1452 ad
1145 1401 1231 1466 Situ,
1250 1421 1291 1467 ιι,
1307 1401 1343 1471 3,
1360 1401 1403 1467 ³3,
1454 1382 1455 1447 3

352 1494 477 1568 conjecit
493 1506 578 1550 erant
594 1504 622 1550 et
636 1491 849 1550 distinctionem
869 1493 1005 1562 mutavit,
1023 1512 1108 1569 quam
1127 1502 1223 1548 tamen
1247 1493 1290 1550 ita
1311 1497 1402 1569 potius

351 1585 547 1646 constituerim
567 1606 574 1642 ι
595 1611 607 1637 u
627 1587 713 1643 Juvat
731 1586 796 1642 enh.
814 1585 876 1641 iter.
896 1586 1019 1642 labores.
1038 1585 1118 1641 Sicut
1137 1599 1222 1641 eraut
1242 1583 1400 1663 (pulvism.
1454 1594 1455 1639 ξ

352 1678 458 1759 adbuc)
473 1689 594 1736 vertere.
609 1704 622 1728 ν
642 1678 688 1735 td
706 1689 853 1753 postrema
873 1680 957 1754 gloss.
978 1699 985 1732 :
1005 1702 1018 1727 c«
1031 1677 1062 1732 in
1083 1691 1233 1752 campum,
1253 1681 1337 1736 unde
1359 1701 1401 1736 re-
1454 1678 1455 1767 i

352 1773 471 1829 dierunt.
486 1796 499 1822 n

394 1868 516 1941 Torquet
529 1861 567 1941 (v.
586 1862 644 1940 45).
661 1887 676 1914 α
687 1863 797 1938 Optimi
811 1864 879 1920 libri
895 1865 1003 1919 habent
1017 1875 1113 1920 torret.
1131 1890 1144 1913 ν
1164 1868 1280 1922 Buurn.

391 1973 427 2026 In
442 1971 539 2025 limiae
557 1966 596 2046 (v.
615 1969 672 2044 48).
695 1971 751 2025 ΜΒ
766 1989 773 2023 :
788 1969 842 2025 «in
859 1971 973 2044 pariete
978 1992 1011 2038 ,u
1029 1970 1183 2045 trisyllabe.
1203 1971 1322 2027 [imm
1340 1973 1398 2026 sort

352 2076 447 2120 ortum
466 2081 502 2118 ex
519 2061 712 2137 dittographia
735 2063 880 2137 sequentis
893 2081 999 2118 versus.
1015 2063 1060 2119 lbi
1074 2064 1149 2118 enim
1170 2065 1323 2121 Rarthiani
1341 2086 1398 2120 om·

351 2177 415 2228 nes,
437 2156 462 2213 si
489 2156 559 2233 quid
581 2155 769 2212 tribuendum
794 2157 884 2230 ipsius
906 2155 1032 2229 silentio,
1059 2157 1228 2232 conspirant
1247 2178 1319 2214 cum
1340 2160 1398 2215 edd.
1454 2184 1455 2233 3

353 2259 421 2306 vett.
437 2269 443 2306 :
459 2250 510 2304 «in
528 2249 626 2306 limine
640 2249 747 2324 templi.
765 2275 777 2299 ι
792 2251 881 2320 Quod
901 2261 942 2306 est
956 2251 1042 2307 etiam
1056 2251 1087 2306 in
1104 2251 1266 2309 Liudcnbr.
1286 2255 1396 2329 aliquot

353 2344 491 2420 Margine
502 2342 533 2398 in
543 2343 751 2412 Gronovianis,
767 2363 853 2418 quem
867 2343 942 2398 vide.

392 2451 530 2521 Flammis
550 2447 589 2528 (v.
615 2449 673 2527 55).
698 2451 814 2508 «Liber
839 2463 899 2525 opt.
925 2452 1032 2527 aliique
1057 2451 1150 2508 nostri
1169 2463 1340 2509 constanter
1359 2455 1395 2508 vei

344 2538 441 2608 ffims's
454 2544 499 2601 vel
510 2541 604 2613 sttmis
624 2545 739 2601 habeut.
763 2546 826 2600 Hoc
849 2546 1036 2619 Papinianum
1059 2565 1118 2602 esse
1135 2556 1226 2618 puto,
1245 2558 1282 2601 ut
1302 2547 1397 2603 odores

352 2638 493 2713 pretiosos
507 2648 596 2695 notet.
613 2663 625 2689 s
646 2641 755 2696 Btnrn.

392 2733 486 2787 Furtis
501 2731 615 2805 ‹sffeusa
629 2734 728 2789 manu
740 2730 777 2809 (v.
793 2733 852 2803 64).
869 2736 923 2788 ΜΒ
939 2736 1077 2802 :morito,
1094 2733 1179 2806 prob.
1200 2734 1301 2789 Barth.
1322 2760 1335 2784 ι
1349 2738 1394 2790 Ju-

353 2844 457 2881 nonem
474 2827 599 2901 puellam
619 2827 661 2883 illi
681 2828 842 2882 veiamento
861 2828 1058 2899 intexuerant,
1081 2838 1113 2882 ut
1125 2827 1335 2884 recordaretur
1345 2848 1393 2903 pu-

253 2955 257 2963 ·
350 2920 430 2976 doris
444 2920 489 2977 sui
502 2932 530 2975 et
544 2939 579 2977 eo
593 2919 681 2997 magis
701 2920 872 2976 irasceretur
887 2920 1050 2991 Thebanis,
1066 2919 1117 2974 ubi
1132 2931 1216 2975 erant
1232 2923 1303 2976 oiim
1323 2922 1394 2976 lovis

351 3013 503 3087 pellices.»
525 3015 625 3071 Gnoss.
645 3046 684 3057 -
701 3012 814 3068 Deinde
829 3032 856 3067 v.
875 3014 912 3069 66
933 3024 1010 3069 recte
1028 3016 1083 3069 ΜΒ
1105 3024 1132 3067 et
1152 3013 1187 3068 al.
1209 3015 1309 3069 Barth.
1330 3036 1337 3068 z
1355 3017 1394 3067 iu-
1454 3039 1455 3046 1

284 3170 287 3183 Ι
350 3107 478 3163 deerunt.

394 3200 460 3255 Stat
468 3218 556 3273 super
563 3200 688 3255 occidere
697 3195 735 3275 (v.
747 3196 804 3274 84).
815 3200 869 3253 ΜΒ
880 3220 887 3253 :
898 3224 910 3249 ι
921 3208 975 3255 stat
981 3198 1074 3271 Juxta
1083 3217 1143 3253 occ.
1152 3224 1164 3246 υ
1175 3200 1279 3255 Postea
1289 3201 1391 3255 AEtlu'o
1454 3205 1455 3212 ’

348 3312 407 3367 pas
422 3292 491 3349 dicit
513 3291 658 3365 hesperios
672 3292 717 3347 vel
738 3291 944 3363 occidentales,
966 3304 1051 3348 notos
1064 3292 1124 3365 jam
1142 3310 1178 3347 ex
1197 3292 1336 3350 Homero.
1357 3294 1389 3349 Cf

351 3386 389 3443 ad
402 3404 483 3461 seqq.
499 3385 669 3443 Ovidianam
684 3385 906 3460 descriptionem
920 3386 951 3442 in
965 3388 1040 3443 libro
1056 3406 1088 3441 xi
1105 3387 1302 3462 Metamosph

390 3480 471 3535 Licet
492 3480 588 3535 omnia
606 3480 730 3533 clament
744 3476 784 3556 (v.
799 3477 857 3555 94).
873 3480 1100 3555 Obsequendum
1118 3480 1164 3534 hic
1183 3490 1247 3535 erat
1269 3481 1393 3536 codicum

350 3590 455 3650 magno
470 3571 637 3642 consensui,
657 3572 778 3628 horrida
792 3573 998 3629 exhibentium.

392 3677 504 3733 Mitte...
520 3678 617 3753 imago
631 3676 668 3751 (v.
689 3678 843 3751 roo-105).
859 3681 970 3736 Desunt
987 3679 1017 3735 hi
1031 3679 1161 3753 quinque
1184 3699 1283 3736 versus
1301 3681 1332 3735 in
1348 3682 1394 3735 aii·

352 3779 424 3844 quot
440 3769 602 3842 codicibus,
616 3771 666 3827 sed
681 3771 731 3841 iis,
745 3783 887 3846 quantum
900 3771 965 3828 sciri
977 3783 1089 3847 potest,
1102 3773 1327 3842 recentioribus,
1340 3792 1392 3827 uno

352 3874 472 3937 excepto
492 3866 556 3919 ΜΒ.
575 3864 731 3934 Quomodo
755 3884 820 3921 cum
838 3867 1009 3940 Voluptate,
1027 3866 1158 3937 Labore,
1178 3867 1308 3935 Baccho,
1332 3878 1390 3933 etc,

349 3956 466 4028 junctus
479 3956 599 4035 cogitari
613 3958 717 4016 debeat
735 3960 858 4015 Somnus
873 3959 959 4030 deus,
973 3959 1088 4037 egregia
1101 3970 1171 4015 nota
1181 3961 1314 4034 exposuit
1327 3962 1390 4015 cro
1454 4029 1455 4040 ἵ

351 4067 417 4104 nov.
431 4049 567 4125 ipsosque
581 4070 678 4109 versus
692 4063 720 4108 et
734 4053 825 4109 Statio
838 4064 866 4108 et
879 4053 947 4111 huic
960 4053 1025 4109 ioco
1039 4052 1204 4109 vindicarit,
1214 4054 1294 4109 Idem
1304 4066 1386 4107 tamen
1454 4101 1455 4112 ,

352 4141 432 4215 quod
454 4162 481 4197 v.
509 4151 562 4208 rot
586 4146 701 4203 interius
725 4157 826 4201 tectum
853 4147 881 4201 iu
899 4147 1098 4225 penetralibus
1120 4148 1190 4201 altis
1220 4157 1316 4203 tuetur
1339 4164 1385 4219 pro
1454 4175 1455 4178 ¹
