2934 4950
63 453 173 514 lt·²⁶⁵·l
369 448 584 505 THEBMDOS
605 448 715 505 mun
736 448 812 503 vm
1052 442 1106 499 125

63 577 174 663 Tibia,
195 589 266 641 urm
284 572 388 641 nimio
403 596 499 641 voees
518 596 668 641 marcore
687 570 856 666 superbae,

62 700 265 787 Incertoque
280 692 383 781 faces,
401 708 435 761 et
448 694 518 787 jam
538 690 625 761 male
644 690 784 787 pervigil
802 690 898 784 ignis.

112 810 169 885 'sic
186 815 242 883 ubi
257 814 453 909 perductus
470 836 538 881 uno
559 814 638 881 ratis
655 813 776 881 obmta
795 835 913 880 semim

64 936 248 1024 Conticuit,
267 936 418 1029 tantique
436 936 538 1003 maris
556 958 671 1003 secura
686 934 864 1028 juventus.

62 1056 269 1127 Mandavere
287 1058 431 1143 animas,
450 1054 540 1125 solus
555 1064 620 1124 sta't
639 1079 752 1149 puppe
766 1055 924 1148 magister

63 1175 226 1272 Pervigil,
245 1178 471 1272 inscriptaque
484 1179 576 1247 Deus
592 1178 650 1269 qui
668 1175 805 1269 navigat
821 1171 908 1242 alno.

110 1302 257 1393 Tempus
276 1312 365 1384 erat,
379 1298 513 1392 junctos
531 1320 634 1391 quum
650 1297 720 1389 jam
738 1320 833 1365 soror
852 1294 949 1387 ignea
964 1289 1081 1360 Phoebi

65 1422 174 1490 Sentit
189 1443 310 1512 equos,
327 1420 524 1512 penitusque
538 1442 660 1489 ¹cauam
677 1418 739 1486 sub
754 1415 827 1484 luce
841 1428 960 1510 parata

63 1541 192 1613 Oceani
210 1540 341 1635 mugire
357 1540 496 1608 domum
508 1592 518 1627 ,
532 1550 673 1633 'seseque
691 1552 868 1635 vagantem
900 1568 908 1587 ·

64 1660 220 1755 Colligit,
236 1675 270 1729 et
289 1674 381 1729 moto
401 1658 518 1730 leviter
535 1660 629 1755 fugat
644 1674 732 1730 astra
750 1656 892 1755 flagello.

65 1780 257 1854 Concilium
276 1807 334 1851 rex
352 1783 446 1851 triste
464 1797 562 1851 vocat
579 1808 586 1850 :
603 1796 825 1877 quaeruntque
840 1793 1027 1875 gementes,

66 1904 151 1992 Quis
166 1902 315 1997 tripodas
335 1927 504 1973 successor
521 1918 598 1999 agat
616 1928 623 1971 :
641 1926 709 1997 quo
726 1901 859 1997 prodita
878 1899 993 1969 laurus

67 2028 246 2109 Transeat,
263 2040 363 2118 atque
377 2026 496 2095 orbum
505 2026 602 2109 ,vittae
615 2025 726 2094 decus.
741 2023 840 2093 Haud
852 2048 964 2109 mora,
978 2019 1090 2090 cuncti

67 2147 238 2240 Insignem
258 2143 363 2231 fama,
382 2161 564 2240 sanctoque
579 2144 794 2240 Melampode
812 2158 940 2224 cretum
1043 2132 1046 2139 ¹

68 2266 313 2337 Thiodamanta
328 2265 463 2355 volunt;
483 2268 620 2361 quicum
640 2268 710 2362 ipse
729 2290 851 2336 arcana
868 2268 1018 2335 Deorum

69 2388 214 2478 Partiri,
232 2402 266 2455 et
282 2388 368 2457 visas
388 2388 446 2458 uni
464 2389 591 2458 sociare
610 2386 737 2457 solebat
860 2408 921 2435 N

69 2509 292 2604 Amphiaraus
311 2534 403 2597 aves,
420 2523 587 2604 tantaeque
605 2508 696 2578 haud
714 2508 847 2578 invidus
865 2509 946 2576 artis

70 2629 251 2700 Gaudebat
269 2630 335 2700 dici
356 2631 518 2720 similem,
537 2633 697 2725 juxtaque
716 2629 910 2700 secuudum.

69 2750 171 2821 Illum
189 2753 306 2847 ingens
323 2751 498 2821 confundit
514 2753 640 2841 honos,
659 2753 863 2848 inopinaque
881 2751 996 2821 turbat

71 2870 206 2959 Gloria,
222 2888 256 2942 et
272 2871 401 2943 oblatas
418 2872 554 2943 frondes
570 2875 753 2944 submissus
768 2873 902 2960 adorat,

72 2997 181 3088 Seque
198 2995 293 3063 oneri
312 3009 411 3091 negat
427 3019 497 3064 esse
514 3021 647 3089 parem,
669 2996 811 3090 cogique
827 3007 985 3063 meretur.

121 3117 217 3186 Sicut
235 3115 465 3186 Achaemenius
482 3114 602 3186 solium
622 3096 802 3212 gentesque
819 3131 977 3212 paternas

73 3238 216 3334 Excepit
232 3238 261 3306 si
279 3234 364 3305 forte
383 3261 480 3331 puer,
497 3239 550 3307 cui
568 3239 680 3306 vivere
696 3252 826 3332 patrem

74 3359 212 3446 Tutius,
231 3357 357 3426 ineerta
374 3357 552 3428 formidine
570 3357 691 3453 gaudia
709 3357 827 3447 librat,
897 3407 903 3416 ·

76 3481 126 3547 An
143 3477 201 3546 fidi
220 3502 393 3572 proceres,
412 3503 454 3548 ne
469 3493 596 3574 pugnet
613 3477 733 3574 vulgus
751 3479 909 3567 habenis;
965 3476 967 3481 ’

76 3601 139 3669 Cui
157 3598 246 3670 latua
263 3601 463 3694 Euphratae,
483 3602 537 3669 cui
556 3601 678 3696 Caspia
697 3599 816 3670 limina
833 3600 979 3669 mandet.

78 3722 215 3790 Sumere
232 3735 312 3790 tunc
328 3746 443 3810 arcus,
461 3723 639 3817 ipsumque
657 3745 798 3790 onerare
814 3736 949 3790 veretur

78 3843 186 3912 Patris
204 3865 345 3936 equum,
362 3844 597 3938 visusquesibi
616 3867 677 3912 nec
695 3857 825 3936 sceptra
841 3843 955 3937 capaci

81 3964 271 4034 Sustentare
290 3989 410 4054 mauu,
430 3991 490 4035 nec
510 3965 622 4036 adhuc
641 3964 779 4060 implere
798 3965 929 4033 tiaram.

128 4089 239 4178 Atque
257 4086 285 4153 is
304 4084 362 4154 ubi
382 4086 507 4156 intorto
526 4087 669 4183 signavit
689 4083 809 4154 vellere
828 4086 973 4172 crinem,
