2934 4950
347 447 402 484 auo
664 427 880 484 THEBAIDOS
899 428 1014 485 uuna
1034 429 1072 485 X.
1277 431 1310 494 (ι.
1326 433 1388 496 805.)

345 556 480 643 Quosve
501 579 563 649 ego
580 569 779 649 conceptus,
801 568 861 624 aut
878 579 951 648 quae
966 551 1054 646 male
1074 553 1218 650 pignora
1234 556 1309 628 fudi

343 679 427 745 Tam
447 675 579 746 diversa
595 675 701 746 mihil
716 676 878 746 nimirum
894 676 1041 746 Martius
1059 679 1199 779 anguis,

344 800 497 892 Quaeque
513 799 609 869 novis
627 823 792 893 proavum
811 796 911 868 tellus
930 797 1208 886 effloruitarmis.

344 921 432 990 Hinc
449 921 553 990 animi
571 921 694 1008 tristes,
714 919 904 1014 nimiusque
922 920 958 989 in
974 935 1111 1014 pectore
1128 923 1287 1006 Mavors,

344 1047 387 1113 Et
405 1041 447 1110 de
460 1056 567 1111 matre
585 1041 667 1110 nihil
683 1067 692 1110 ι
715 1056 836 1136 sponte
850 1066 894 1110 en
907 1040 1063 1136 ultroque
1079 1059 1275 1139 peremptus

344 1165 510 1259 Irrumpis
528 1177 661 1244 moestas
680 1163 757 1232 fatis
773 1161 966 1233 nolentibus
980 1163 1139 1252 umbras..

344 1289 404 1357 Ast
421 1301 554 1382 egomet
572 1290 724 1374 Danaos,
744 1287 967 1382 Capaneaque
982 1283 1049 1380 tela
1063 1287 1211 1356 verebar.

345 1411 423 1500 Haec
435 1421 523 1491 erat,
535 1407 606 1476 haec
618 1404 797 1476 metuenda
807 1403 1169 1502 manus,ferrumque,
1180 1409 1273 1502 quod
1283 1433 1388 1480 amens

344 1531 421 1622 Ipsa
440 1526 539 1597 dedi:
562 1523 692 1616 viden’,
713 1541 753 1596 ut
764 1524 885 1621 jugulo
906 1530 1131 1598 consumserit
1145 1531 1283 1600 ensem?

347 1648 457 1719 Altius
472 1649 563 1719 haud
581 1651 759 1744 qnisquam
774 1653 933 1718 Danaum
949 1675 1112 1720 mucrone
1129 1651 1285 1722 subisset.
1299 1684 1317 1720 a

393 1771 531 1841 Diceret
549 1770 664 1842 infelix
684 1771 868 1839 etiamnum
886 1785 920 1840 et
937 1786 1059 1841 cuncta
1075 1770 1220 1868 repleret

346 1893 531 1985 Questibus
551 1921 559 1962 ι
581 1892 755 1966 abducunt
773 1893 928 1979 comites,
947 1891 1148 1990 famulaque
1166 1921 1323 1991 perosam

346 2014 498 2085 Solantes
518 2013 733 2108 thalamoque
750 2029 890 2084 tenent:
911 2014 1116 2087 sedet'eruta
1131 2016 1242 2087 multo

349 2140 469 2231 Ungue
484 2160 608 2231 genas:
629 2161 698 2205 non
715 2133 774 2204 illa
792 2114 897 2221 diem,
918 2161 987 2224 non
1005 2138 1107 2207 verba
1126 2155 1324 2232 precantum
1442 2114 1443 2193 l

345 2259 508 2353 Respicit,
527 2273 586 2328 aut
602 2259 693 2327 visus
710 2257 817 2328 flectit
834 2256 955 2329 tellure
975 2258 1132 2350 relictos,
1442 2262 1443 2269 '

345 2384 418 2450 Jam
439 2383 546 2470 vocis,
562 2380 633 2476 jam
652 2381 774 2450 mentis
790 2381 916 2476 inops:
939 2383 988 2450 sic
1008 2407 1125 2479 aspera
1146 2385 1242 2479 tigris

345 2504 493 2572 Foetibus
508 2504 652 2599 abreptis
670 2502 827 2598 Scythico
845 2503 976 2575 deserta
990 2505 1054 2575 sub
1069 2521 1168 2575 antro

346 2625 510 2712 Accubat,
530 2640 564 2693 ct
583 2624 687 2720 tepidi
709 2623 828 2695 lambit
843 2626 984 2721 vestigia
999 2629 1081 2697 saxi.

346 2728 523 2840 Nusquam
542 2748 623 2817 irae:
645 2746 731 2817 sedit
750 2747 876 2838 rabies,
896 2749 1091 2845 feritasque,
1114 2752 1284 2849 famesque

347 2870 442 2956 Oris,
462 2884 544 2938 eunt
562 2884 682 2965 praeter
701 2895 819 2941 secura
833 2888 1002 2960 armenta,
1019 2898 1216 2971 gregesque.
1442 2963 1443 2968 ἵ

345 2990 497 3085 Adspicit
511 2990 592 3062 illa
580 3017 720 3088 jacens:
742 2993 801 3063 ubi
815 2996 922 3084 enim,
940 2995 1064 3090 quibus
1079 2997 1186 3069 ubera
1200 3014 1330 3095 pascat,
1442 2993 1443 3054 l

346 3117 417 3182 Aut
433 3138 516 3207 quos
540 3116 669 3209 ingenti
686 3130 817 3210 premat
835 3132 1025 3211 exspectata
1045 3118 1189 3214 rapina?
1442 3127 1443 3208 l

385 3239 555 3307 Hactenus
566 3261 674 3328 arma
684 3238 1056 3370 tubae,ferrnmque,et
1069 3234 1376 3315 vulnera2sedw1mc
1442 3215 1443 3284 l

346 3356 507 3427 Cominus
523 3359 700 3453 astrigeros
716 3333 894 3456 Capaneus
913 3363 1111 3437 tollendus
1102 3392 1138 3436 ιιι
1157 3392 1242 3437 axes

343 3480 422 3549 Non
442 3480 553 3549 mihi
541 3505 612 3576 jam
632 3481 731 3553 solito
749 3500 865 3554 vatum
885 3485 927 3557 de
946 3513 1040 3559 more
1058 3489 1267 3571 canendum:

343 3600 456 3693 Major
472 3601 514 3670 ab
535 3605 652 3673 Aoniis
673 3604 835 3675 sumenda
849 3606 991 3678 audacia
1008 3608 1102 3681 lucis.

344 3722 479 3791 Mecum
500 3748 616 3795 omnes
637 3725 760 3797 audete
778 3731 882 3798 Deae:
902 3730 972 3800 sive
993 3729 1050 3802 ille
1068 3732 1234 3829 profunda

344 3841 468 3912 Missus
489 3859 588 3915 nocte
607 3846 714 3938 furor,
735 3850 961 3947 Capaneaque
979 3853 1075 3950 signa
1097 3872 1216 3927 secuta

343 3964 445 4033 Arana
461 3968 576 4037 Jovem
595 3984 712 4039 contra
725 3974 853 4068 Stygiae
869 3998 1011 4071 rapuere
1029 4002 1174 4066 sorores,

344 4086 407 4153 Seu
427 4086 533 4156 virtus
552 4114 683 4185 egressa
697 4092 853 4183 modum,
872 4121 930 4167 seu
947 4096 1053 4191 gloria
1075 4125 1235 4195 praeceps,
