2934 4950
352 500 404 559 ¹5⁰
653 508 868 569 ructamus
886 510 997 569 nutu
1020 511 1072 569 tx.
1280 508 1383 570 (natat

353 630 503 731 Cespite,
522 630 667 730 populeo
683 632 892 706 commendat
913 633 1040 728 spicula
1059 647 1190 703 trunco.

352 752 447 820 Tunc
462 776 542 819 vero
561 754 730 823 exanimes
750 751 886 825 tradunt
902 754 1111 848 rapientibus
1128 750 1216 821 uitro

353 874 455 940 Arma
477 869 568 940 vadis
586 898 595 939 :
610 870 667 943 alii
683 872 819 945 dimmsa
832 875 974 963 casside,
991 888 1155 969 quantum

352 992 501 1086 Tendere
520 1008 659 1065 constris
679 997 798 1065 enimes
816 995 952 1068 valuere
969 997 1030 1067 suh
1048 996 1167 1085 undis,

351 1116 463 1209 Turpe
481 1113 608 1188 latent:
624 1115 721 1187 multi
739 1116 880 1189 fluvium
896 1119 1119 1187 transmittere
1139 1116 1253 1186 nando

351 1236 532 1330 Aggressi3
553 1236 611 1305 sed
630 1236 740 1309 vincia
754 1252 883 1325 tenent,
902 1237 1064 1332 laterique
1083 1251 1250 1332 repugnat

351 1353 503 1445 Balteus,
522 1370 556 1429 et
572 1356 724 1427 medidus
743 1357 879 1431 deducit
894 1373 1029 1454 pectora
1044 1358 1174 1429 uorax.

400 1475 521 1566 Qualis
537 1476 688 1549 coanteis
705 1478 836 1549 tumido
852 1480 915 1549 sub
931 1480 1063 1576 gurgite
1082 1495 1191 1549 terror

351 1596 521 1686 Piscibus,
539 1598 652 1667 arcani
671 1599 801 1692 quoties
819 1597 945 1671 devexa
959 1598 1118 1695 profundi

351 1720 565 1789 scrutantem
581 1716 741 1813 delphina
758 1718 894 1792 vident:
911 1719 1000 1815 fugit
1015 1721 1123 1790 omnis
1141 1721 1177 1789 in
1194 1720 1279 1788 imos

351 1837 466 1907 Turba
480 1836 591 1925 lacus,
608 1838 798 1933 viridesque
813 1854 906 1910 metu
922 1842 1089 1934 stipantem
1109 1842 1145 1909 in
1158 1821 1271 1935 ἐἰμες

351 1958 423 2029 Nec
442 1958 536 2054 prius
551 1958 689 2045 emersi,
710 1982 810 2052 quam
830 1983 960 2029 summa
980 1984 1041 2054 per
1058 1984 1192 2054 aequom
1210 1958 1310 2029 fleam

353 2080 498 2166 Eminet,
516 2092 551 2150 et
568 2078 648 2155 visis
666 2078 761 2149 maht
778 2095 908 2151 certare
926 2080 1064 2151 carinis..
1094 2170 1099 2177 ¹

399 2195 490 2267 Telis
506 2199 576 2293 ogit
588 2222 738 2291 sparsos,
755 2198 937 2293 mediisque
955 2200 992 2271 in
1010 2198 1167 2269 flucubns
1184 2199 1284 2269 heros

351 2321 458 2389 Frena
479 2342 579 2391 manu
594 2319 729 2413 pariter,
746 2320 871 2414 pariter
884 2321 971 2414 regit
986 2344 1095 2407 arana,
1110 2318 1300 2414 pedumque

351 2440 505 2535 Remigio
522 2452 686 2512 sustentat
702 2464 845 2535 equum3
861 2452 1087 2534 consuetaque
1107 2464 1226 2535 campo

351 2559 525 2647 Fluctuat,
544 2575 578 2630 et
595 2585 721 2638 mersas
739 2561 822 2632 ieris
838 2559 969 2657 ungula
983 2563 1103 2655 quaerit
1118 2585 1247 2631 areum.

352 2682 469 2750 Sternit
476 2683 553 2748 Iona
562 2682 717 2764 Chromis,
727 2682 879 2752 Chromin
888 2683 1228 2772 Antiphos,Antiphon
1238 2680 1380 2771 Hypseus,

352 2804 506 2896 Hypseus
526 2805 708 2899 Astyagen,
727 2826 970 2895 evasurumque
987 2799 1106 2870 relicto

352 2926 459 2992 Amne
475 2923 616 3010 linium,
635 2921 756 3000 aifatu
774 2936 904 3008 vetent,
922 2937 956 2991 et
975 2923 1117 2992 stamine
1130 2921 1239 3015 primo

352 3041 510 3114 Ablatum
529 3041 648 3114 tellure
663 3045 775 3112 mori:
796 3043 918 3137 premit
935 3043 1071 3138 agmina
1085 3041 1215 3111 Thebes

352 3162 606 3259 Hippomedon,
627 3163 742 3234 tiirhet
759 3166 895 3234 Demos
914 3165 1056 3257 Asopius
1076 3165 1227 3256 Hypseus
1241 3185 1261 3226 ε.

353 3288 467 3354 Amnis
486 3299 666 3378 utrumque
684 3285 801 3356 timet:
820 3309 932 3355 crasso
951 3282 1038 3352 vada
1053 3295 1163 3352 mutat
1180 3295 1325 3382 uterque·

355 3406 543 3500 Sanguine,
562 3419 595 3474 et
610 3429 631 3473 a
648 3403 753 3474 fluvio
768 3406 880 3475 neutri
898 3403 997 3474 fatale
1015 3403 1148 3472 reverti

402 3527 477 3596 Jam
493 3524 594 3596 laceri
613 3526 729 3622 pronis
750 3521 933 3598 uoluuntur
951 3523 1103 3594 cursibus
1121 3534 1234 3606 artus,

355 3649 510 3740 Oraque,
528 3657 562 3714 et
579 3645 714 3716 abacista
733 3645 877 3716 redeunt
895 3647 931 3715 in
945 3659 1081 3740 pectora
1098 3641 1231 3712 dextra.

355 3765 492 3862 Spicula
508 3769 576 3856 jam
593 3765 795 3868 clypeosque
808 3764 898 3836 leves
914 3789 1078 3859 arcusque
1092 3761 1243 3833 remissos

355 3886 456 3959 Unda
472 3887 581 3968 vehit,
599 3885 777 3984 galeasque
794 3901 909 3956 vetant
928 3884 1128 3956 descendere
1145 3887 1256 3956 crisme.

354 4012 492 4078 Summa
510 4013 602 4104 vagis
622 4005 687 4079 late
703 4022 902 4083 sternuntur
922 4005 1060 4080 flumina
1080 4003 1169 4088 telis,

356 4133 427 4198 lma
447 4131 526 4199 viris
542 4151 550 4193 :
577 4130 643 4202 illic
658 4127 829 4202 luctantur
842 4154 985 4226 corpora
999 4124 1085 4208 leto,
1198 4175 1203 4183 -
