2934 4950
33 440 64 497 tv.
76 440 147 501 ⁵6⁵l
347 438 561 495 ‘smarnos
583 438 693 499 Lmen
712 441 765 495 vt.

33 564 234 660 indeprensa
254 564 391 660 precis?
408 582 526 636 onerat
543 564 757 637 celeberrima
773 583 891 637 natum

34 690 160 755 Mater:
176 701 209 755 et
229 687 299 781 ipse
316 684 434 781 procul
451 687 540 757 fama
556 689 627 782 jam
645 703 745 758 notus
760 690 901 757 inermes

34 809 196 877 Narratur
215 832 328 879 cervas
344 806 445 904 pedes
463 811 549 879 inter
567 826 682 905 aperta
703 812 809 905 Lycaei

34 926 180 1016 Tollere,
200 945 234 1000 et
251 930 408 1000 emissum
426 954 525 1001 eursu
545 930 752 1027 deprendere
769 929 882 1003 telum.

35 1048 180 1121 Tandem
198 1066 407 1145 exspectatus
425 1051 554 1123 volucri
572 1080 672 1148 super
691 1058 826 1151 agmina
841 1052 927 1124 saltu

35 1172 178 1259 Emicat,
197 1186 231 1241 et
247 1188 337 1242 torto
355 1172 563 1269 chlamydem
580 1173 747 1247 diffibulat
760 1202 855 1247 auro.

36 1291 195 1363 Elfulsere
213 1308 322 1383 artus,
341 1296 635 1389 membrorumque
652 1298 762 1367 omnis
781 1313 897 1393 aperta
914 1310 976 1368 eet=

35 1414 179 1506 letitia,
198 1418 410 1513 insignesque
425 1417 575 1505 humeri,
596 1444 656 1490 nec
672 1436 806 1515 pectora
823 1419 921 1489 nudis

36 1538 210 1608 Deteriora
228 1542 338 1635 genis,
355 1538 518 1637 latuitque
546 1542 579 1610 in
591 1562 593 1569 ·
604 1567 745 1639 corpore
763 1539 883 1611 vultus.

36 1663 104 1753 lpse
124 1677 236 1731 tamen
256 1661 370 1731 fornae
389 1652 522 1735 laudeni
541 1658 756 1759 aspernatur,
774 1678 809 1733 et
825 1677 918 1732 arcet

37 1783 216 1853 Mirantes:
233 1798 312 1853 tunc
328 1783 493 1854 Palladios
515 1810 583 1854 non
600 1787 724 1855 inscius
743 1785 882 1856 haustus

38 1905 209 1994 Incubuit,
228 1906 410 2001 pinguique
429 1922 539 1976 cutem
559 1906 708 1977 fuscatur
722 1906 822 1977 olivo.

40 2028 105 2095 Hoc
124 2026 220 2115 Idas,
240 2027 305 2097 boo
322 2054 415 2098 more
433 2029 718 2125 Dymas,·aliique
735 2032 914 2100 nitescunt.

81 2152 135 2219 Sic
155 2149 213 2219 ubi
233 2150 415 2246 tranquille
433 2150 600 2247 pellucent
617 2154 727 2222 sidere
746 2168 866 2250 ponto,

42 2258 372 2365 Vibraturquefretis
390 2274 464 2343 ooeli
485 2272 644 2345 stellantis
663 2276 791 2371 imago,

44 2396 158 2464 Omnia
175 2392 265 2464 clara
283 2396 391 2466 nitent
408 2395 489 2467 :sed
507 2394 629 2467 clarior
647 2398 761 2467 omnia
780 2422 882 2493 supra

45 2520 201 2613 Hesperos
221 2535 353 2588 exercet
371 2519 501 2605 radios,
519 2535 732 2614 quantusque
750 2545 811 2616 per
829 2519 934 2589 altum

46 2641 193 2724 Emere,
214 2640 361 2711 caeruleis
377 2657 493 2738 ¹tantus
508 2657 715 2712 monstratur
735 2645 770 2710 in
791 2641 900 2711 undis.

45 2762 213 2832 Proximus
230 2777 264 2832 et
281 2762 404 2852 forma,
425 2790 486 2834 nec
503 2762 645 2835 multum
667 2767 802 2860 segnior
819 2762 896 2832 Idas

46 2883 214 2973 Cursibus,
233 2898 334 2978 atque
351 2909 421 2956 aare
435 2887 531 2980 juxta
549 2888 665 2981 prior:
684 2902 831 2956 attamen
848 2884 896 2953 illi

46 3007 110 3074 lam
127 3022 264 3076 tenuem
282 3009 424 3104 pingues
443 3009 559 3081 florem
577 3010 738 3079 induxere
754 3006 934 3104 palaestrae,

46 3130 259 3223 Deserpitque
278 3133 387 3226 genie,
407 3157 468 3200 nec
486 3157 521 3201 se
537 3131 661 3229 lanugo
679 3131 803 3201 fatetur

49 3252 182 3322 lntonsae
197 3251 259 3320 sub
275 3251 364 3322 nube
383 3277 496 3320 comae.
510 3255 606 3322 Tunc
626 3255 688 3324 rite
704 3255 824 3324 citatos

49 3370 241 3465 inplorant,
261 3389 452 3469 acuuntque
473 3373 613 3469 gratim,
635 3377 811 3468 variasque
831 3397 891 3467 per
909 3383 995 3441 artes
1050 3465 1056 3474 ι

49 3490 255 3563 Instimulant
272 3492 371 3562 docto
391 3492 585 3590 languentia
602 3496 755 3564 membra
770 3491 929 3570 tumultu.

50 3611 168 3706 Poplite
191 3639 282 3682 nunc
300 3613 386 3684 flexo
405 3614 536 3704 sidunt,
558 3641 648 3686 nnnc
668 3614 797 3684 lubrica
817 3614 896 3684 forti

51 3733 179 3804 Pectora
197 3733 362 3808 collidunt
378 3736 497 3832 plausu
517 3764 524 3808 :
544 3763 634 3808 nunc
653 3741 750 3834 ignea
766 3733 890 3805 tollunt

51 3854 168 3945 Crura,
188 3847 390 3953 brevemque
410 3859 525 3957 fugam
544 3882 605 3929 nec
624 3862 726 3955 opino
745 3859 812 3928 fine
825 3868 1004 3950 reponunt.

93 3979 163 4047 lam
182 3979 269 4062 ruit,
288 3993 388 4074 atque
405 4005 540 4075 equum
560 3981 713 4051 submisit
733 3977 849 4074 regula
866 3977 989 4063 limen;

52 4099 245 4197 Corripuere
264 4099 352 4171 leves
373 4104 533 4197 spatium,
552 4128 738 4199 campoque
755 4099 884 4171 refulsit
