2934 4950
325 445 354 518 jv
636 445 686 500 na
706 447 735 498 r.
759 445 910 502 narrum
931 445 1068 500 smno

256 565 264 575 ’
329 571 466 663 citiique
481 571 728 664 perseverantia
742 584 912 639 assecutus
929 586 979 639 est
999 572 1140 661 Statius,
1152 587 1188 640 ut
1201 597 1372 667 nunquam

326 691 498 760 defuerint
514 693 577 759 viri
604 690 824 760 laudatissimi
844 693 905 785 qui
920 717 997 760 eum
1025 689 1077 760 vel
1103 690 1219 786 elogiis
1240 694 1372 764 extolle·

325 827 401 882 rent
424 811 477 880 vel
501 812 664 882 imitando
684 813 869 905 exprimere
892 811 1090 882 studerent:
1111 814 1200 881 inter
1218 816 1373 909 antiquos

325 932 547 1018 Claudianus,
575 933 733 1020 Sidonius
769 930 992 1027 Apollinaris,
1021 933 1254 1027 Symmachum
1288 936 1374 1004 inter

265 1149 267 1152 .
324 1056 544 1143 recentiores,
560 1057 706 1144 Dantes,
726 1057 864 1143 Tassus,
882 1057 1078 1140 Boccatius‚
1099 1059 1198 1149 Hugo
1218 1058 1372 1142 Grotius,

324 1182 378 1246 Fr.
399 1176 623 1266 Malherbius,
643 1192 682 1246 ut
702 1191 828 1245 taceam
854 1178 1061 1272 poeticarum
1084 1199 1247 1247 venerum
1274 1179 1374 1247 nimis

324 1314 493 1394 suspectos
525 1299 653 1394 judices
683 1298 889 1392 Scaligeros,
919 1299 1178 1384 Casaubonum‚
1204 1301 1374 1393 Lipsium,

237 1427 238 1430 ’
323 1423 554 1508 Gronovium,
569 1419 716 1513 aliosque
735 1417 940 1514 philologos,
959 1420 1018 1513 qui
1038 1420 1181 1488 Statium
1199 1418 1376 1488 dilaudant

324 1540 489 1610 indefessi.
517 1542 685 1610 Nimirum
711 1540 747 1608 hi
769 1539 921 1608 locorum
949 1538 1078 1632 aliquot
1104 1538 1315 1634 splendorem
1341 1556 1376 1608 et

322 1659 450 1730 felicem
462 1661 653 1751 audaciam,
668 1659 851 1729 multarum
866 1660 1052 1728 dictionum
1070 1661 1279 1753 ingeniosum
1297 1687 1377 1729 aeu-

322 1807 419 1871 men,
438 1785 473 1852 in
492 1783 607 1871 rebus,
628 1808 702 1876 quae
726 1782 831 1851 oculis
855 1783 1099 1878 percipiuntur,
1123 1782 1262 1874 picturae
1287 1785 1376 1851 veri-

324 1917 444 1991 tatem,
463 1918 501 1973 ut
520 1930 582 1999 par
600 1918 688 1992 erat,
709 1917 949 2007 agnoverunt:
967 1901 1024 1970 sed
1040 1902 1182 1970 nimium
1200 1903 1271 1970 istis
1287 1902 1378 1972 dele·

322 2027 401 2094 etati
423 2025 464 2094 de
489 2027 646 2095 universo
674 2039 781 2120 poetae
806 2025 942 2118 ingenio
962 2039 1022 2094 ant
1046 2023 1129 2093 falsa
1149 2024 1295 2117 judicia,
1318 2041 1378 2094 ant

322 2170 390 2215 non
415 2148 493 2214 satis
519 2147 761 2241 circumspecta
787 2143 947 2214 tulerunt.
974 2147 1014 2213 In
1041 2171 1153 2213 rerum
1179 2146 1378 2216 inventione

321 2292 395 2361 quae
414 2282 447 2336 et
463 2291 549 2337 nova
566 2283 600 2336 et
616 2267 725 2336 felicia
743 2269 830 2352 sint,
851 2266 1097 2336 animadvertas
1116 2268 1151 2335 in
1173 2269 1281 2336 Statio
1300 2294 1377 2364 per-

321 2390 520 2483 paucissima
537 2388 665 2459 :multa
685 2391 720 2457 in
741 2389 907 2479 dictione,
921 2387 999 2458 licet
1011 2390 1046 2457 in
1061 2389 1253 2458 universum
1271 2391 1377 2459 modo

322 2511 465 2599 tumida,
482 2512 583 2582 modo
602 2526 742 2608 arguta,
760 2511 861 2581 modo
878 2537 1025 2606 operosae
1041 2510 1227 2606 elegantiae,
1248 2512 1378 2607 ubique

320 2631 388 2701 fere
405 2631 662 2703 insolentiorum
681 2648 803 2703 temere
819 2633 979 2703 studiosa.
995 2636 1035 2701 ln
1049 2628 1376 2727 comparationibus,

323 2779 405 2847 quas
425 2757 508 2824 mire
528 2754 677 2843 affectat,
694 2752 958 2849 nonnunquam,
980 2768 1018 2823 ut
1036 2752 1156 2848 loquar
1173 2753 1293 2842 libere,
1316 2757 1377 2824 ab·'

319 2875 440 2945 surdus
463 2891 512 2945 est
538 2892 597 2945 aut
619 2853 838 2946 monstrosus.
854 2874 1050 2968 Virgilium.
1064 2888 1102 2943 ut
1126 2874 1306 2963 adorabat,
1329 2881 1377 2947 ita

321 2998 469 3067 imitatus
486 3012 536 3067 est
552 2999 750 3092 sepissime,
766 2997 887 3067 deinde
904 2999 1096 3083 Lucanum,
1114 2994 1290 3089 aliquoties
1305 3002 1377 3067 Ho-

320 3119 453 3186 ratium.
483 3148 500 3182 α
515 3120 587 3187 Nee
605 3117 778 3211 vulgarem
794 3115 849 3213 (ut
866 3116 1006 3187 Handri'
1019 3116 1129 3186 verbis
1144 3115 1277 3211 loquar)
1295 3120 1377 3189 imi-

319 3238 414 3307 tandi
428 3237 566 3307 modum
578 3240 729 3333 sequitur
745 3239 891 3327 Statius,
910 3238 968 3308 sed
987 3238 1045 3307 ubi
1062 3236 1204 3307 aliorum
1222 3241 1376 3333 vestigiis

319 3361 463 3449 insistit,
484 3362 595 3455 ipsum
624 3362 788 3431 incessum
815 3359 936 3429 callida
962 3374 1033 3429 arte
1049 3358 1136 3429 celat
1163 3385 1171 3426 z
1196 3385 1264 3454 qno
1284 3386 1378 3457 saepe

322 3480 379 3569 fit,
398 3496 437 3551 ut
453 3483 563 3552 verbis
584 3482 728 3552 multum
746 3483 789 3552 ab
809 3484 849 3552 iis
867 3482 1035 3566 discedat,
1055 3481 1177 3574 quibus
1196 3482 1303 3577 ipsam
1323 3486 1378 3552 in·

322 3604 513 3672 ventionem
530 3602 657 3673 debeat.
673 3608 725 3673 De
740 3618 806 3697 qua
818 3629 855 3673 re
873 3603 1004 3697 egregie
1013 3602 1191 3671 Henltrirs:
1205 3604 1305 3670 Unus
1324 3621 1379 3674 est

217 3908 220 3917 .
321 3855 393 3931 tus,
409 3844 468 3913 ubi
483 3846 644 3932 imitatur,
659 3871 844 3939 numquam
860 3842 1049 3941 exemplum
1065 3869 1162 3912 suum
1176 3844 1270 3937 sequi
1281 3844 1377 3933 vult,

320 3962 378 4031 sed
394 3965 551 4059 praesilire
570 3991 609 4035 ac
629 3968 718 4036 eirea
735 3968 868 4037 eosdem
888 3992 1004 4036 sensus
1026 3980 1192 4034 certamen
1210 3989 1287 4033 cum
1316 3965 1379 4037 illo

320 4086 414 4154 inire.
433 4090 570 4158 Homeri
585 4087 784 4182 Virgiliique
804 4116 903 4184 quam
926 4088 1071 4185 plurima
1088 4090 1267 4183 expressit,
1287 4112 1378 4156 sem·
