2934 4950
78 491 103 548 l
85 488 153 553 tol
378 481 573 539 SILVARUM
593 481 704 538 manu
725 481 760 533 V.
1043 477 1095 534 153

32 614 234 719 Cyclopum
253 609 410 706 scopulos
425 608 517 678 ultra
529 625 659 704 ,atque
680 571 818 678 audacia
836 629 913 676 saxa

32 774 33 795 ι
32 728 289 828 Pyramidum,
302 747 337 802 et
352 755 476 826 magno
492 730 661 801 tumulum
681 746 860 826 praetexere
882 726 972 799 luco!

79 855 135 924 lllic
148 871 177 926 et
193 853 296 926 Siculi
316 878 522 950 superassem
540 853 628 922 dona
648 853 848 948 sepulcri,

32 1026 33 1071 3
78 980 110 1045 Et
123 978 250 1047 Nemees
268 974 402 1063 ludum,
420 989 455 1042 et
469 972 601 1068 Pelopis
617 972 768 1044 solennia
786 961 909 1043 trunci.

31 1086 33 1145 l
78 1097 134 1167 lllic
148 1097 287 1169 OEbalio
303 1122 374 1166 non
390 1094 534 1165 finderet
552 1119 630 1166 aera
650 1094 742 1166 diseo

77 1221 236 1289 Graiorum
253 1221 303 1288 ris
321 1216 390 1287 ulla
411 1218 541 1304 virum3
556 1243 626 1286 non
643 1215 723 1288 a'rva
743 1220 867 1314 rigaret

78 1340 166 1410 Sudor
180 1366 318 1436 equum,
335 1355 395 1409 aut
409 1339 502 1434 pdtri
518 1340 667 1409 sonitum
685 1340 782 1409 daret
795 1339 920 1436 ungula
937 1365 1071 1435 campo;

77 1462 128 1530 Sed
142 1463 252 1532 Phoebi
270 1458 410 1557 simplex
426 1463 549 1530 chorus
565 1487 574 1530 ε
591 1461 646 1530 hic
660 1459 978 1531 frondentia‘vatum

76 1587 192 1654 Praemia
208 1584 360 1673 laudato,
379 1584 523 1679 genitor,
541 1583 601 1652 tibi
619 1583 683 1654 rite
699 1581 865 1652 dicarem:

75 1706 136 1798 Ipse
153 1705 285 1774 madens
298 1703 470 1800 lacrymis,
489 1705 684 1799 umbrarum
703 1704 888 1798 animeque
906 1703 1073 1792 sacerdos,

32 1870 33 1897 r
76 1828 270 1923 Praeciperem
288 1825 453 1915 reditum,
472 1826 528 1894 cui
546 1838 578 1894 te
595 1849 658 1894 nec
678 1826 845 1896 Cerberus
862 1827 953 1896 omni

32 1974 33 2013 r
77 1950 146 2037 Ore,
159 1973 216 2017 neo
232 1948 377 2042 Orpheae
391 1947 528 2040 quirent
544 1947 695 2016 avertere
711 1945 815 2043 leges3

76 2071 177 2162 lleqne
191 2069 326 2139 babitus
341 2093 517 2163 moresque
533 2082 609 2138 tuos
625 2083 660 2138 et
674 2067 762 2138 facta
782 2083 954 2152 canentem

32 2198 33 2203 ’
77 2191 142 2258 Fors
156 2205 188 2259 et
201 2188 419 2284 magniloquo
437 2214 507 2260 non
525 2190 773 2285 posthabuisset
791 2193 956 2279 Homero,

76 2311 218 2382 Tenderet
235 2327 271 2381 et
289 2327 386 2381 torvo
404 2313 510 2407 pietas
529 2336 663 2406 aequare
682 2313 826 2382 Maroni.

114 2436 174 2504 Cur
191 2435 297 2532 magis
318 2434 458 2504 incessat
477 2436 637 2530 Superos,
655 2451 688 2505 et
707 2459 791 2505 aena
807 2438 966 2505 Sororum

78 2557 223 2644 Stamina,
240 2581 316 2651 quae
334 2554 448 2650 tepido
464 2556 609 2651 genitrix
626 2582 727 2651 super
747 2556 866 2652 aggere
885 2557 955 2624 nati

77 2676 152 2747 Orba
166 2676 276 2747 sedet?
292 2675 346 2746 vel
364 2702 438 2771 qum
456 2678 605 2771 primaevi
619 2678 772 2773 conjugis
792 2679 904 2772 ignem

76 2797 222 2893 Adspicit,
237 2798 473 2893 obstantesque
490 2824 627 2887 manus,
645 2800 845 2893 turbamque
860 2813 1028 2869 tenentem

75 2916 188 3008 Vincit,
205 2919 242 2987 in
261 2918 455 3006 ardentem,
473 2917 586 3008 liceat,
603 2922 768 2990 moritura
785 2920 964 2989 maritum?

77 3038 169 3131 Major
184 3053 273 3111 oerte
289 3038 356 3109 illis
378 3043 523 3135 Superos
540 3056 575 3110 et
588 3044 728 3111 Tartara
746 3039 875 3136 pulsem

77 3160 212 3231 Invidia:
230 3164 377 3232 externis
394 3164 502 3231 etiam
512 3160 698 3231 miserabile
713 3163 789 3232 visu

78 3282 174 3354 Funus
193 3299 276 3354 erat.
298 3283 364 3354 Sed
379 3310 441 3355 nec
458 3275 559 3354 modo
577 3283 750 3356 se'Natura
768 3284 910 3376 dolenti,

82 3403 136 3473 llec
150 3409 260 3477 Pietas
276 3408 401 3502 injusta
420 3406 512 3476 dedit
530 3433 538 3476 ε
559 3407 642 3475 mihi
663 3405 778 3477 limine
795 3409 905 3504 primo

79 3526 237 3614 Fatorum,
256 3543 289 3597 et
305 3527 423 3617 viridi,
444 3528 592 3623 genitor,
611 3554 672 3597 ceu
692 3544 809 3625 raptus
827 3529 869 3599 ab
888 3555 978 3613 evo,

80 3645 201 3717 Tartara
216 3648 302 3717 dura
317 3648 424 3735 subis3
441 3673 503 3718 nec
520 3649 610 3718 enim
627 3650 841 3719 Marathonia
859 3652 955 3746 virgo

80 3764 196 3839 Parcius
213 3768 597 3840 exstinctum'saevorum
613 3772 753 3839 crimine
770 3785 938 3865 agrestum

80 3885 205 3961 llererit
224 3891 391 3981 Icarium,
407 3891 554 3987 Phrygia
572 3916 674 3986 quam
691 3907 785 3961 turre
799 3891 978 3963 ¹cadentem

81 4012 256 4084 lstianacta
268 4015 391 4110 parens
408 4041 416 4082 ε
434 4010 556 4108 laqueo
572 4015 655 4109 quin
672 4012 729 4084 illa
745 4038 918 4107 supremos

81 4128 199 4208 lnclusit
219 4137 364 4232 gemitus
382 4162 390 4204 :
411 4150 444 4204 at
462 4149 511 4224 te,
527 4151 602 4231 post
619 4135 736 4205 semera
757 4136 867 4231 magni
