2934 4950
301 351 341 405 IN
362 351 392 406 P.
414 353 444 406 P.
465 349 588 407 stetu
611 351 719 408 THEB.
742 353 814 408 LIB.
837 355 917 410 VIII.
1075 355 1131 412 323

127 469 257 524 corebus
271 465 309 544 (v.
326 463 404 545 549).
420 467 512 524 Codd.
533 487 593 526 non
606 470 690 542 pauci
705 491 711 525 :
729 471 891 544 Corymbus.
908 472 943 526 llt
956 491 983 526 v.
1003 490 1062 546 seq.
1072 493 1132 549 po¹

85 563 144 618 sitis
162 557 330 640 (dispositis)
345 579 401 634 pro
416 563 578 634 Inspectu...
593 565 686 618 nstnls.

127 656 215 730 Cupit
226 655 276 710 ille
289 667 386 710 tamen
402 651 441 732 (v.
458 651 539 732 552).
556 657 611 710 ΜΒ
627 675 634 712 :
653 679 668 706 e
683 657 725 711 ire
741 666 873 713 tumen.»

108 757 111 776 '
130 759 210 834 Tyrii
213 759 326 832 juvenis
338 757 379 839 (v.
397 759 455 818 656
476 761 541 839 sq).
563 763 673 834 «Lipet
689 765 804 838 Cyrrhoe
821 765 980 833 habitaret,
998 763 1135 820 educatus

86 866 178 910 tamen
198 863 259 910 erat
275 853 398 928 ThebIs,
411 855 496 932 regiae
517 855 651 912 videlieet
668 858 771 932 puellae
793 875 921 932 sponsus
936 879 952 906 s
974 858 1074 913 Gnoss.
1095 889 1115 898 -

85 949 183 1003 Paullo
202 956 269 1021 post
282 947 436 1020 legendum
449 961 594 1003 aversatus
617 968 671 1024 pro
688 951 812 1018 adven„
829 949 938 1006 etiamsi
955 949 1027 1004 nulli
1046 948 1132 1005 codd.

85 1040 236 1109 haberent;
255 1038 307 1094 sed
320 1049 362 1096 est
378 1039 407 1094 in
430 1040 527 1096 multis
548 1051 577 1097 et
600 1042 630 1096 in
646 1053 715 1098 vett.
741 1042 807 1098 edd
827 1042 940 1099 IIireris
959 1042 1078 1097 alterum
1097 1040 1134 1098 ad

85 1133 258 1188 hodiernum
273 1131 349 1187 diem
363 1133 393 1187 in
408 1133 474 1189 edd.
494 1135 573 1190 ferri.

124 1233 168 1282 Ac
177 1226 302 1298 primum
307 1223 417 1298 faciles
435 1239 584 1302 gmesatns
598 1225 638 1307 (v.
654 1227 733 1304 571).
749 1229 825 1304 Lege
843 1247 878 1285 ex
892 1231 947 1284 ΜΒ
963 1251 969 1285 :
985 1255 998 1280 α
1008 1229 1134 1303 primurn

86 1321 113 1372 in
127 1318 232 1375 faciles.
242 1342 258 1370 n

124 1409 335 1484 infrendentem
351 1413 420 1467 aliis
443 1414 572 1488 aliosque
586 1425 749 1489 sequentem
762 1411 801 1492 (v.
820 1412 897 1492 580).
917 1415 993 1470 Bene
1013 1417 1106 1471 Gloss.
1128 1435 1134 1469 :

84 1528 98 1556 α
107 1506 168 1562 Hos
183 1503 398 1578 insequentem,
412 1505 462 1582 qui
475 1506 629 1581 propiores
646 1517 741 1578 erant,
755 1507 817 1562 aliis
838 1507 1064 1578 infrendentem,
1083 1508 1135 1584 qui

83 1597 301 1672 longinquiores
315 1607 344 1654 et
357 1617 433 1673 quos
446 1598 586 1674 attingere
601 1618 661 1654 non
675 1609 798 1674 poterat.
816 1624 828 1649 »

124 1705 230 1760 Varias
254 1725 290 1762 m.
312 1724 440 1761 sermone
466 1709 595 1781 querelas
617 1703 657 1785 (v.
688 1706 767 1783 διο).
789 1706 894 1762 Melius
916 1709 971 1761 ΜΒ
1000 1718 1028 1762 et
1053 1708 1100 1764 alii
1123 1728 1130 1762 ε

82 1817 187 1854 varro..
572 1816 575 1822 ·

123 1891 228 1946 Miseri
243 1891 385 1946 cunctatr'o
399 1893 461 1946 voti
471 1888 511 1970 (v.
527 1887 608 1968 614).
624 1893 678 1946 ΜΒ
692 1911 699 1946 :
715 1893 805 1957 misti,
821 1909 901 1959 vere;
916 1911 943 1945 v.
960 1892 1053 1947 Barth.

121 1987 164 2040 Et
176 1996 301 2040 truncum
314 1981 354 2063 (v.
370 1981 449 2062 620).
472 1984 670 2058 Rejiciendum
688 1986 765 2042 duco
789 1985 871 2060 quod
890 1985 1014 2057 conjecit
1032 1985 1134 2042 Maril.

83 2079 123 2132 ad
138 2079 222 2135 Silo..
238 2097 266 2146 v,
286 2075 385 2148 =,nl,5
402 2080 471 2132 :an
486 2089 520 2134 tr.
536 2089 565 2134 et
579 2076 608 2133 fl.
623 2098 752 2135 murmur
769 2099 776 2134 :
791 2079 889 2135 Verba
903 2089 1037 2152 putant.»

124 2187 287 2241 Tmctarem
299 2204 382 2240 sensu
403 2183 440 2260 (v.
464 2183 542 2262 627).
559 2185 767 2259 «Cogitatione
786 2185 1007 2242 admitterem.»
1027 2187 1135 2240 Banru.

83 2279 137 2335 Sed
150 2297 221 2336 vera
235 2278 352 2335 videtur
364 2277 506 2351 scriptura
520 2278 551 2333 iu
573 2281 626 2333 ΜΒ
640 2290 757 2354 reperta
777 2299 783 2332 :
802 2304 814 2329 n
828 2289 999 2348 tractarem,
1016 2280 1094 2333 sensi
1111 2293 1138 2332 et

85 2371 122 2445 (p.
136 2369 223 2450 heul)
238 2371 381 2428 connubia
395 2370 488 2430 vidi.»

123 2465 278 2521 Declinnre
294 2484 384 2541 genas
400 2463 437 2540 (v.
455 2462 533 2542 554).
550 2489 565 2516 α
576 2462 716 2521 Claudere
731 2465 839 2519 oculos.
853 2488 864 2513 υ
879 2465 979 2521 Gnoss.
999 2464 1034 2520 Et
1046 2482 1130 2538 genn:

86 2558 183 2616 itidem
197 2578 253 2633 pro
267 2558 415 2634 palpebris
428 2576 516 2633 snpra
529 2579 556 2613 v.
575 2556 648 2627 436,
665 2566 693 2613 et
707 2556 784 2633 apud
797 2556 921 2612 Ennium
937 2578 943 2612 :

187 2741 307 2803 Pandite,
322 2742 394 2803 sulti',
409 2756 480 2807 genas
494 2752 517 2791 et
533 2741 606 2791 eorde
621 2740 752 2807 relinquite
766 2756 883 2790 somnum

84 2920 196 2994 -Seq
211 2938 239 2974 v.
257 2919 322 2975 edd.
342 2928 411 2975 vett.
428 2930 455 2974 et
474 2918 604 2974 codicum
623 2936 696 2973 unus
715 2918 822 2972 alterve
839 2917 891 2970 :in
908 2918 1026 2970 onlnem
1033 2912 1133 2986 findit,

86 3022 197 3069 temere.

124 3106 290 3162 Contentum
303 3107 407 3161 nbilrse
421 3108 563 3179 Mycenas
582 3102 620 3182 (v.
643 3100 722 3180 671).
738 3104 806 3158 Non
819 3112 977 3157 contentum
995 3100 1042 3156 illa
1057 3099 1134 3156 caede

86 3198 293 3273 quinquaginta
314 3199 535 3268 Thebanorum,
561 3196 611 3254 sed
634 3196 753 3253 omnino
775 3196 861 3272 gestis
882 3194 939 3251 suis
965 3196 1075 3264 laetum,
1102 3204 1135 3248 ut

86 3312 127 3363 xi,
147 3293 184 3349 28
206 3314 212 3346 ε

191 3511 197 3523 .
215 3510 221 3521 .
238 3510 244 3521 .
261 3509 267 3521 .
283 3475 317 3522 Ut
333 3488 406 3538 quum
421 3474 524 3539 Massyla
539 3490 583 3541 per
598 3491 654 3524 urna

191 3556 302 3608 Armenti
318 3574 385 3622 reges
400 3572 486 3623 magno
502 3558 540 3607 leo
556 3558 627 3623 fregit
643 3558 722 3617 hlutri,

190 3646 221 3691 Et
236 3650 361 3691 uoutentus
376 3640 434 3691 ubit.

126 3833 179 3887 Ubi
199 3834 298 3905 ingenl
318 3830 355 3907 (v.
373 3828 453 3904 689).
476 3832 550 3885 Bene
573 3829 666 3901 major
684 3846 819 3885 numerus
838 3828 924 3885 codd.
947 3788 1132 3899 meliorque:

86 3926 155 3981 «Iti
167 3925 282 3999 ingens,
296 3949 309 3975 n
323 3936 388 3979 ante
404 3944 467 3999 quae
481 3924 566 3979 verba
582 3926 666 3997 plene
680 3920 921 3997 distinguendum.

125 4019 254 4075 Areetnb
269 4037 413 4093 apprenso
430 4015 469 4095 (v.
491 4016 570 4095 693).
591 4019 645 4072 ΜΒ
660 4027 688 4073 et
708 4018 744 4072 al.
759 4036 766 4071 z
782 4017 928 4089 impresso.

978 4142 1030 4188 21.
