2934 4950
384 387 438 423 too
699 367 913 424 THEBAIDOS
934 368 1047 425 LIBER
1062 370 1132 455 VII.v
1315 370 1406 433 (rutil

379 490 555 563 Naubolus
575 491 788 587 Hippasides,
808 508 904 582 tuus,
924 518 947 561 ο
966 496 1140 564 mitissime
1157 498 1237 581 Lai,
1291 583 1294 586 Ι

380 618 529 708 Hospcs;
549 612 658 683 adhuc
676 638 1015 709 currus,·securaque
1035 614 1109 685 lora
1129 617 1280 704 tenebat,

380 737 499 823 Quum
519 751 577 804 tua
598 735 712 804 subter
728 760 833 829 equos
853 735 961 829 jacuit
977 736 1138 806 convulsa
1158 739 1305 807 cruento¹

380 856 523 942 Ictibus,
543 882 564 925 o
583 858 710 927 utinam
731 873 847 926 nostro
864 881 941 926 cum
957 859 1138 954 sanguino,
1155 855 1281 927 cervix!
1295 889 1312 922 »ι

428 980 579 1049 Dicentis
598 978 756 1049 maduere
775 1002 882 1073 genae,
904 977 1103 1073 vultumque
1123 1002 1334 1073 per-omnem

380 1098 495 1169 Pallor
514 1100 569 1188 iit,
591 1100 749 1193 vocisque
766 1123 885 1193 repens
906 1099 1073 1196 singultus
1090 1114 1245 1195 apertum

381 1221 563 1315 Intercepit
584 1223 648 1289 iter
665 1247 672 1288 :
689 1220 817 1291 refovet
835 1220 988 1317 frigentis
1004 1223 1151 1293 amicum

380 1346 500 1413 Pectus
521 1341 656 1412 alumna
675 1343 788 1412 senis:
809 1341 1141 1443 redit,·atqueexile
1161 1343 1336 1439 profatur:

430 1468 489 1533 «Ο
508 1465 590 1533 mihi
608 1461 788 1535 sollicitum
805 1464 905 1535 decus
922 1490 961 1533 ac
976 1490 1130 1560 suprema
1148 1463 1321 1559 voluptas,

382 1581 565 1681 Antigone!
587 1610 675 1657 seras
695 1587 755 1656 tihi
775 1586 933 1656 demoror
949 1586 1121 1681 improbus
1141 1587 1295 1672 umbras,

381 1712 463 1777 Fors
480 1706 596 1778 eadem
613 1706 739 1779 scelera
756 1723 791 1777 et
806 1707 912 1777 credes
932 1709 1065 1777 visurus
1084 1710 1200 1778 avitas.

381 1833 498 1901 Donec
519 1846 550 1899 te
571 1829 724 1899 thalamis
744 1828 907 1915 habilem,
929 1831 1162 1926 integramque
1182 1822 1357 1925 resignem,
1439 1879 1441 1890 γ

381 1956 456 2024 Hoc
477 1956 574 2041 satis,
592 1969 623 2022 et
645 1952 768 2021 fessum
788 1954 854 2021 vita
874 1952 1050 2036 dimittite,
1069 1955 1191 2022 Parca).-

434 2075 529 2146 uSed
549 2075 629 2144 dum
648 2072 744 2143 labor
756 2076 865 2159 iners,
882 2075 1109 2168 quantinunc
1125 2099 1203 2143 ecce
1219 2075 1324 2143 reviso
1440 2083 1441 2088 ’

382 2197 600 2268 Transabiere
616 2195 727 2265 ‹lucesL
751 2195 1028 2290 Clonium‘atque
1046 2198 1082 2265 in
1102 2212 1196 2292 terga
1211 2211 1369 2267 comantes

383 2322 462 2391 Non
482 2317 784 2415 ego'Abantiadas,
803 2342 873 2387 non
889 2333 939 2403 te,
958 2343 1074 2387 saxosa
1091 2320 1250 2413 Caryste,

383 2444 461 2512 Non
483 2438 626 2511 humiles
642 2442 760 2535 AEgas,
781 2438 953 2534 altumque
969 2440 1144 2542 Capharea
1162 2440 1243 2510 dixi.

386 2567 427 2632 Et
441 2564 510 2657 jam
531 2565 617 2631 acies
637 2561 758 2630 obtusa
777 2578 895 2656 negat,
915 2565 1095 2657 cunctique
1114 2565 1274 2633 resistunt

381 2689 425 2756 Et
444 2700 521 2754 tuus
539 2685 675 2754 armatis
690 2683 787 2776 jubet
802 2708 878 2752 ecce
896 2682 1027 2754 silentia
1043 2685 1183 2757 frater.»

431 2810 496 2875 Vix
515 2831 555 2875 ea
575 2821 665 2875 turre
684 2831 802 2893 senex,
819 2827 924 2899 quum
941 2805 1062 2875 ductor
1078 2807 1121 2875 ab
1139 2832 1261 2902 aggere
1278 2807 1380 2900 coepit:

382 2929 620 3025 «Magnanimi
637 2953 747 3022 reges,
767 2928 889 3021 quibus
904 2927 994 2998 houd
1013 2953 1132 3022 parere
1143 2943 1295 2999 'recusem

381 3054 524 3136 Ductor,
544 3051 665 3142 etipse
685 3073 776 3118 meas
797 3047 1088 3118 milcs‘desenrlere
1109 3049 1259 3139 Thebas,

381 3173 461 3242 Non
479 3195 542 3265 ego
561 3179 619 3238 'vos
636 3168 808 3240 stimulare
827 3195 939 3265 parem
953 3170 1046 3268 (nam
1066 3169 1150 3240 liber
1166 3172 1203 3240 in
1221 3196 1311 3240 arma

384 3296 550 3388 Impetus,
571 3305 603 3360 et
621 3291 756 3360 meritas
770 3291 860 3361 ultro
880 3294 1014 3387 jurastis
1033 3294 1069 3362 in
1086 3291 1195 3389 iras),

381 3415 453 3483 Nec
467 3411 607 3484 laudare
623 3414 724 3500 satis,
745 3412 937 3507 dignasque
949 3414 1132 3509 rependere
1149 3429 1260 3510 grates

384 3535 579 3605 Sufficiam:
596 3533 743 3604 referent
759 3537 900 3630 Superi,
919 3537 1256 3631 vestraeque‘subacto

382 3663 485 3727 Hoste
504 3681 622 3748 manus
639 3683 647 3725 ε
664 3656 780 3726 urbem
800 3659 889 3726 socia
906 3656 947 3727 de
965 3672 1063 3753 gente
1078 3658 1213 3728 subistis

380 3781 514 3867 Tutari,
532 3804 634 3872 quam
654 3803 722 3847 non
734 3776 820 3848 'aliis
837 3777 1077 3874 populator-ab
1095 3782 1163 3850 oris

383 3897 544 3994 Belliger,
563 3915 741 3970 externave
759 3914 851 3970 satus
869 3898 1004 3989 tellure,
1021 3901 1078 3970 sed
1094 3902 1198 3972 hostis

383 4020 545 4116 Indigena
565 4019 720 4109 assultat,
738 4025 793 4090 cui
813 4038 921 4092 castra
938 4022 1077 4092 adversa
1095 4026 1224 4119 regenti
