2934 4950
335 538 391 576 aon
646 503 860 570 THEBMDOS
881 500 993 566 LIBER
1011 499 1049 554 11.
1263 489 1370 553 (⁸²33)

334 638 545 738 virginitatis
560 659 666 730 apher,
681 633 864 735 primaeque
883 625 1047 696 modestia
1065 618 1173 714 culpae

333 761 518 835 Cortfundit
535 755 647 827 vultus
664 781 672 823 :
692 769 772 822 tune
789 775 848 820 ora
867 750 1021 842 rigantur
1037 741 1185 826 honestis

332 883 520 971 Imbribus,
535 893 571 950 et
588 892 721 952 teneros
737 872 889 965 lacrymas
907 868 1024 962 juvere
1041 875 1207 960 parentes.

384 1006 465 1074 Non
481 1025 578 1074 secus
592 1023 631 1069 ac
646 1018 768 1090 supera
786 993 912 1088 pariter
928 988 954 1058 si
976 984 1111 1056 cardine
1125 979 1227 1078 lapse

334 1123 444 1197 Pallas
460 1139 496 1209 et
511 1121 659 1218 asperior
672 1115 791 1188 Phoebi
808 1137 915 1201 soror,
935 1125 1077 1203 utraque
1094 1104 1186 1193 telis,

336 1251 487 1340 Utraque
503 1258 598 1314 terra
615 1241 726 1337 genis,
744 1235 898 1329 flavoque
915 1234 951 1302 in
969 1230 1093 1300 vertice
1110 1225 1215 1314 nodo,

333 1365 398 1438 Illa
415 1391 491 1437 suas
510 1363 647 1458 Cyntho
663 1359 804 1433 comites
822 1369 916 1452 agat,
931 1353 1003 1422 hec
1020 1347 1232 1444 Aracyntho:

332 1491 446 1576 Tune,
462 1487 490 1557 si
503 1485 553 1558 bs
570 1480 692 1570 oculs,
709 1504 779 1550 non
793 1500 942 1570 unquam
960 1471 1061 1567 longa
1076 1469 1202 1540 tuendo

334 1607 517 1703 Expedias,
538 1605 595 1676 cui
609 1602 718 1698 major
733 1601 857 1688 honos,
875 1597 930 1670 cui
949 1595 1088 1692 gratior,
1105 1606 1165 1662 aut
1182 1587 1257 1686 plns

334 1733 388 1802 De
406 1732 505 1815 Jove,
524 1738 738 1818 mutatosque
753 1719 856 1796 velint
874 1734 1084 1788 transumere
1101 1711 1231 1802 cultus,
1285 1712 1290 1722 '

334 1855 379 1925 Et
396 1847 504 1920 Pallas
521 1847 636 1918 deceat
652 1844 845 1940 pharetras,
865 1853 901 1914 et
917 1837 1015 1910 Delia
1031 1835 1158 1908 cristas.

388 1973 529 2042 Certant
545 1965 672 2053 laetitia,
687 1987 894 2059 superosque
910 1962 945 2032 in
962 1974 1041 2032 vota
1056 1957 1200 2052 fatigant

334 2084 520 2179 Inachidae,
536 2112 612 2186 qua
625 2087 747 2180 cuique
763 2083 899 2171 domus,
918 2082 1070 2175 sacrique
1087 2074 1239 2148 facultas.

337 2213 383 2283 Hi
401 2211 516 2303 fibris,
531 2212 707 2305 animaque
725 2203 841 2292 litant,
861 2203 897 2272 hi
914 2203 1038 2297 cespite
1057 2198 1165 2285 nudo,
1305 2251 1306 2254 ,

337 2335 410 2406 Nec
425 2334 538 2404 minus
554 2331 659 2403 auditi
676 2329 746 2426 (sie
759 2351 851 2399 mens
870 2337 1005 2421 accepta
1023 2335 1171 2400 meretur

337 2457 452 2529 Thura
464 2453 586 2550 Deos),
604 2451 785 2545 fractisque
800 2447 990 2525 obtendunt
1009 2443 1126 2517 limina
1144 2439 1246 2512 silvis.

386 2583 474 2651 Ecce
491 2590 585 2649 metu
605 2574 734 2661 subito,
751 2571 910 2643 Lachesis
926 2572 973 2639 sic
992 2567 1065 2637 dira
1079 2564 1235 2662 jubebat,

334 2699 492 2797 Impulsae
509 2711 654 2783 mentes;
674 2716 882 2789 excussaque
899 2687 1021 2788 gaudia
1038 2688 1159 2785 patris,

337 2826 385 2896 Et
402 2819 537 2892 turbata
552 2817 648 2889 dies:
664 2816 841 2909 innuptam
859 2811 986 2883 lumine
1003 2809 1143 2880 adibant

339 2938 497 3026 Pallada3
514 2936 707 3034 Munychiis
723 2935 778 3005 cui
796 2958 866 3003 non
880 2933 1006 3028 Argiva
1023 2956 1086 3027 per
1100 2931 1200 3001 urbes

337 3061 532 3137 Posthabita
551 3074 601 3131 est
620 3058 753 3130 Larissa
767 3055 856 3150 jugis
872 3080 880 3125 ε
898 3054 954 3123 hic
971 3076 1065 3123 more
1083 3064 1261 3147 parentum

338 3185 479 3274 Iasides,
498 3179 652 3255 daalamis
672 3178 731 3253 ubi
747 3190 839 3251 casta
857 3174 1061 3251 adolesceret
1075 3190 1172 3264 atas,

336 3306 516 3402 Virgineus
532 3303 638 3376 libare
655 3326 787 3391 comas,
807 3302 1001 3396 primosque
1019 3297 1170 3370 solebant

339 3431 508 3497 Excusare
526 3439 639 3495 toros:
656 3423 778 3499 celsam
796 3422 1015 3495 subeuntibus
1032 3446 1145 3495 arcem

336 3550 378 3617 In
400 3545 559 3643 gradibus
579 3547 701 3615 summi
717 3542 892 3639 delapsum
907 3540 1053 3612 culmine
1074 3539 1190 3636 templi

338 3665 488 3739 Arcados
504 3667 628 3762 Euippi
643 3663 788 3761 spolium
806 3665 896 3734 cadit
914 3688 1019 3738 arcus
1035 3662 1143 3750 orbis3

338 3789 594 3881 Praemissasque
611 3787 715 3875 faces,
734 3786 857 3857 festum
873 3785 1076 3857 nubentibus
1094 3786 1223 3880 ignem,

338 3909 479 3997 Obruit,
496 3933 581 4003 eque
595 3906 703 4002 adytis
719 3904 819 3977 simul
839 3907 995 3977 exaudita
1012 3908 1150 3978 remotis

338 4030 499 4112 Nondum
518 4025 615 4099 ausos'
633 4027 768 4099 firmare
783 4028 924 4122 gradum
944 4028 1026 4097 tuba
1043 4030 1162 4097 terruit
1185 4030 1313 4124 ingens.

387 4154 428 4223 ln
444 4174 557 4245 regem
575 4151 727 4219 conversi
748 4174 861 4219 omnes
880 4146 1056 4218 formidine
1075 4150 1202 4243 prima,
