2934 4950
355 448 411 504 188
672 447 886 503 Tuunmnos
907 445 1022 500 LIBER
1041 445 1063 498 1.
1281 435 1313 498 (¹2
1325 431 1383 479 ⁵⁶³3

352 573 570 669 Terrigenam
585 574 756 667 Pythona,
775 578 867 646 Deus
886 587 1012 667 septem
1030 567 1167 637 orbibus
1186 563 1267 632 atris

273 777 281 796 x
327 719 331 725 ’
352 688 553 787 Amplexum
572 691 743 787 Delphos,
763 695 974 788 squamisque
993 711 1120 758 annosa
1139 696 1303 766 terentem

353 811 505 900 Robora,
524 812 679 883 Castaliis
699 811 780 882 dum
800 811 949 882 fontibus
967 833 1025 879 ore
1043 803 1181 877 trisulco

352 935 461 1003 Fusus
479 932 570 1023 hiat,
590 934 689 1028 nigro
703 920 818 1002 sitiens
839 929 998 1002 alimenta
1019 951 1164 1013 veneno,

352 1051 517 1144 Perculit,
533 1053 719 1149 absumptis
739 1067 918 1124 numerosa
938 1055 973 1121 in
993 1048 1131 1119 vulnera
1148 1043 1246 1134 telis,

354 1174 571 1270 Cyrrhaeique
589 1171 681 1244 dedit
700 1189 836 1244 eentum
857 1151 917 1271 per
929 1149 1047 1268 jugera
1070 1168 1179 1263 campi

354 1295 421 1364 Vix
438 1293 575 1365 tandem
594 1293 807 1392 explicitum,
824 1320 911 1364 nova
930 1292 1051 1363 deinde
1071 1286 1203 1387 piacula
1223 1285 1306 1355 cedi

356 1416 577 1510 Perquireus,
598 1418 703 1486 nostri
720 1431 808 1486 tecte
827 1414 919 1486 haud
938 1413 1098 1510 opulenta
1113 1408 1257 1502 Crotopi

355 1537 477 1632 Attigit
493 1561 502 1608 ε
518 1537 598 1607 huie
618 1538 753 1632 primis,
771 1553 806 1608 et
824 1537 948 1633 pubem
964 1533 1157 1606 ineuntibus
1172 1529 1270 1600 anuis

357 1658 448 1726 Mira
467 1656 589 1728 decore
610 1659 666 1753 pio
685 1657 838 1728 servabat
859 1671 937 1726 nata
955 1669 1109 1751 penates.

355 1780 559 1848 Intemerata
578 1779 661 1848 toris
677 1803 685 1846 ε
703 1776 797 1867 felix,
815 1779 843 1850 si
860 1776 959 1849 Delia
974 1800 1148 1871 nunquam
1229 1853 1230 1856 Ἴ

356 1901 479 1988 Furta,
500 1925 564 1969 neo
582 1897 754 1969 occultum
769 1899 896 1969 Phoebo
912 1900 1069 1969 sociasset
1083 1893 1246 1966 amorem!

362 2021 513 2115 Namque
533 2035 572 2090 ut
591 2045 686 2116 passa
703 2024 815 2091 Deum
834 2022 982 2092 Nemeaei
1002 2018 1045 2089 ad
1061 2018 1208 2089 fluminis
1223 2015 1369 2103 undam,

360 2140 417 2210 Bis
433 2142 554 2234 quinos
572 2140 671 2235 plena
686 2165 792 2236 quum
809 2141 919 2211 fronte
935 2155 1120 2212 resumeret
1134 2138 1233 2209 orbes

358 2260 522 2356 Cynthia,
540 2261 708 2333 sidereum
725 2263 864 2333 Latonae
880 2261 961 2333 foeta
980 2276 1136 2357 nepotem

361 2381 498 2453 Edidit:
517 2406 557 2454 ae
576 2408 683 2480 poenae
700 2399 873 2477 metuens,
891 2409 1001 2481 neque
1019 2371 1110 2453 enim
1127 2379 1183 2452 ille
1201 2383 1328 2452 eoactis

360 2507 526 2575 Donasset
547 2503 702 2577 thalamis
720 2508 978 2615 veniam'pater,
994 2507 1068 2577 avia
1089 2530 1168 2575 rura

262 2606 265 2613 Ι
359 2623 478 2722 Eligit,
495 2652 534 2696 ae
553 2641 670 2696 natum
686 2642 780 2722 septa
801 2629 888 2698 inter
904 2625 1004 2697 ovilia
1023 2626 1158 2697 furtim

360 2748 559 2843 Montivago
575 2749 705 2843 peeoris
722 2748 852 2818 custodi
870 2748 1009 2819 mandat
1023 2746 1189 2819 alendum.

360 2869 439 2938 Non
458 2869 520 2938 tibi
540 2867 659 2965 digna,
680 2894 774 2964 puer,
797 2871 927 2966 generis
939 2864 1115 2942 'cunabula
1131 2870 1214 2940 tanti
1273 2958 1276 2965 ⁴

360 2972 565 3065 Gramiueos·
578 2988 671 3059 dedit
687 2989 793 3061 herba
808 3005 917 3080 toros,
936 3005 968 3061 et
984 2992 1110 3062 vimine
1129 3014 1257 3087 querno

361 3112 466 3179 Texta
481 3108 600 3180 domus
621 3135 630 3179 ε
650 3109 763 3181 clausa
784 3112 915 3182 arbutei
932 3112 994 3183 sub
1014 3113 1138 3183 cortice
1156 3110 1233 3181 libri

360 3230 516 3300 Membra
534 3245 665 3326 tepent,
685 3233 868 3328 suadetque
883 3230 971 3304 leves
987 3258 1067 3304 cava
1081 3232 1193 3303 fistula
1210 3242 1361 3321 somnos,

245 3444 253 3451 ι
361 3355 405 3421 Et
423 3354 535 3447 pecori
554 3376 734 3424 commune
753 3352 954 3442 solum3'sed
971 3355 1045 3426 fata‘
1058 3381 1119 3425 nee
1139 3354 1234 3426 illum

362 3476 563 3545 Concessere
583 3470 710 3544 larem:
727 3475 825 3546 viridi
846 3502 924 3546 nam
941 3478 1067 3573 cespite
1078 3494 1183 3549 terrm

361 3595 553 3689 Projeetum
568 3610 709 3687 temere,
728 3612 765 3667 et
782 3596 899 3693 patulo
916 3596 1037 3668 coelum
1055 3624 1114 3669 ore
1134 3602 1325 3670 trahentem

362 3716 444 3787 Dira
462 3741 585 3787 canum
603 3718 728 3806 rabies,
749 3744 863 3790 morsu
884 3718 1020 3816 depasta
1035 3737 1191 3807 cruento,

363 3838 495 3930 Disjioit
514 3865 521 3905 :
543 3839 696 3910 hisvero
717 3843 878 3911 attonitas
898 3856 936 3913 ut
954 3844 1093 3914 nuntius
1109 3868 1206 3913 aures
1337 3930 1340 3933 ,

363 3960 483 4031 Matris
499 3959 588 4048 adit,
610 3959 698 4057 pulsi
714 3987 755 4032 ex
773 3963 886 4034 animo
908 3966 1124 4060 genitorque,
1146 3964 1339 4061 pudorque,

362 4084 406 4155 Et
420 4094 530 4150 metus
548 4107 555 4148 :
574 4081 646 4176 ipsa
663 4081 754 4152 ultro
772 4086 867 4153 savis
888 4082 1106 4180 plangoribus
1124 4111 1239 4156 amens
