2934 4950
289 394 325 460 46
643 394 672 446 Ρ.
696 391 818 446 PUBLII
839 391 959 446 susan
1251 405 1289 458 (v.
1304 405 1377 456 so.)

288 523 367 589 Haec
385 515 493 611 pelagi
513 514 659 584 clamore
674 516 839 602 fremunt;
856 513 926 584 lraec
945 527 1031 584 tecta
1049 538 1185 583 sonoros

287 641 450 733 Ignorant
466 636 601 722 fluctus,
624 650 785 729 terraeque
805 632 935 704 silentia
953 632 1093 703 malunt.

337 756 397 825 His
416 754 497 824 favit
516 757 646 825 Natura
662 752 744 826 locis
763 781 770 822 :
792 754 848 824 hic
866 755 969 842 victa,
990 753 1113 823 colenti

289 876 410 963 Cessit,
430 887 463 943 et
481 875 613 968 ignotos
632 871 748 944 docilis
763 874 951 944 mansuevit
966 875 1001 943 in
1021 899 1111 946 usus.

289 997 388 1064 Mons
406 1007 476 1063 erat
494 995 565 1081 hic,
583 993 641 1061 ubi
657 990 757 1087 plana
774 992 891 1064 vides:
912 993 981 1063 haec
1001 992 1106 1064 lustra
1126 993 1284 1080 fuerunt,

289 1115 375 1201 Quae
389 1138 479 1182 nunc
498 1127 585 1182 tecta
605 1113 693 1181 subis
715 1139 722 1182 :
745 1112 803 1180 ubi
820 1137 911 1183 nunc
930 1137 1066 1182 nemora
1085 1112 1189 1182 ardua
1204 1115 1366 1199 cernis,

288 1235 352 1302 Hic
371 1258 433 1302 nec
452 1247 540 1302 terra
559 1232 621 1301 fuit
642 1257 650 1300 ε
671 1230 802 1302 domuit
817 1257 995 1327 possessor,
1015 1246 1049 1300 et
1068 1230 1163 1301 illurn

288 1355 506 1421 Formantem'
518 1375 639 1445 rupes,
656 1365 969 1448 expugnantemque
982 1366 1093 1421 secuta
1141 1413 1144 1418 .

289 1471 422 1542 Gaudet
436 1473 567 1540 humus.
584 1471 684 1542 Nunc
703 1497 803 1542 cerne
813 1473 932 1566 jugum
948 1471 1109 1542 discentia
1125 1496 1217 1559 saxa,

287 1595 522 1685 Intrantesque
538 1590 668 1677 domos,
686 1592 880 1684 jussumque
899 1592 1053 1662 recedere
1068 1607 1226 1661 montem.

287 1714 360 1780 Jam
376 1711 591 1804 Methymnaei
610 1711 695 1778 vatis
715 1734 855 1800 manus,
874 1726 909 1780 et
925 1708 1036 1805 chelys
1055 1737 1124 1782 una

287 1830 444 1917 Thebais,
462 1842 495 1898 et
510 1830 620 1898 Getici
638 1829 733 1898 cedat
750 1829 810 1898 tibi
826 1828 932 1924 gloria
950 1829 1086 1924 plectri:

287 1955 331 2020 Et
351 1963 387 2018 tu
403 1973 480 2018 saxa
500 1972 636 2034 movess
648 1963 682 2017 et
701 1962 734 2018 te
751 1973 888 2018 nemora
905 1948 972 2018 alta
992 1965 1185 2044 sequuntur.

336 2067 429 2158 Quid
446 2067 588 2136 reseram
607 2080 733 2135 veteres
749 2092 897 2161 ceraeque
911 2069 1051 2163 aerisque
1069 2069 1217 2166 figuras?

288 2187 420 2281 Siquid
442 2185 570 2280 Apellei
590 2185 736 2280 gaudent
751 2186 913 2290 animasse
930 2187 1074 2275 colores3

289 2309 323 2377 Si
344 2307 425 2400 quid
441 2307 550 2376 adhuc
564 2319 669 2376 vacua
686 2321 796 2376 tamen
810 2306 1006 2378 admirabile
1021 2311 1098 2380 Pisa

287 2428 451 2499 Phidiacae
469 2452 579 2499 rasere
599 2453 718 2499 manus
739 2454 747 2498 :
768 2430 859 2525 quod
878 2431 919 2500 ah
940 2446 1012 2501 arte
1030 2432 1196 2526 Myronis,

288 2551 358 2618 Aut
377 2546 565 2642 Polycleteo
590 2550 717 2643 jussum
735 2552 890 2645 estquod
908 2554 1019 2623 vivere
1036 2552 1133 2641 coelo,

288 2670 432 2762 AEraque
451 2667 491 2735 ab
506 2668 692 2739 Isthmiacis
712 2694 795 2739 auro
815 2673 946 2765 potiora
963 2671 1100 2761 favillis;

288 2792 359 2858 Ora
378 2788 519 2876 ducum,
535 2802 569 2857 et
587 2805 715 2877 vatum,
733 2793 987 2886 sapientumque
1002 2820 1062 2865 ora
1082 2796 1248 2889 priomm,

287 2912 382 3000 Quos
401 2910 459 2979 tibi
480 2935 560 2979 cura
574 2912 683 3004 sequi,
701 2936 785 3004 quos
804 2925 875 2981 toto
895 2926 1029 3005 pectore
1047 2918 1149 2985 sentis

287 3034 413 3123 Expers
435 3031 625 3115 turbarum,
640 3043 740 3123 atque
759 3033 908 3101 animum
928 3034 1052 3108 virtute
1071 3038 1183 3130 quieta

289 3151 518 3243 Compositus‚
539 3174 734 3244 semperque
756 3164 842 3219 tuus.
863 3152 957 3241 Quid
977 3153 1068 3224 mille
1088 3156 1257 3228 revolvam

288 3267 459 3355 Culmina,
476 3268 669 3363 visendique
688 3269 801 3339 vices?
821 3296 879 3342 sua
899 3275 1019 3367 cuique
1038 3274 1207 3370 voluptas,

289 3392 400 3482 Atque
417 3390 508 3458 omni
525 3390 698 3483 proprium
711 3389 858 3463 thalamo
870 3419 983 3465 mare:
999 3409 1156 3491 transque
1164 3400 1344 3493 jacentem

288 3511 400 3579 Nerea
414 3508 553 3579 diversis
572 3512 675 3581 servit
688 3536 748 3581 sua
768 3527 857 3584 terra
876 3514 1037 3587 fenestris.
1171 3590 1178 3599 ,

234 3718 239 3730 Ι
289 3627 367 3697 Haec
385 3629 476 3698 videt
494 3630 679 3717 Inarimen,
694 3630 743 3701 illi
760 3635 925 3728 Prochyta
943 3662 1061 3737 aspera
1080 3654 1175 3734 paret
1195 3667 1203 3709 :

288 3750 442 3844 Armiger
459 3750 538 3820 hinc
555 3754 668 3846 magni
687 3768 779 3847 patet
796 3758 948 3827 Hectoris
965 3784 973 3828 :
991 3760 1070 3829 inde
1087 3761 1271 3857 malignum

289 3870 377 3938 Aera
397 3871 538 3964 respirat
555 3870 673 3967 pelago
692 3874 886 3945 circumflua
903 3880 1000 3949 Nesis
1019 3908 1027 3950 ε

287 3988 371 4057 lnde
389 3992 481 4084 vagis
497 4016 594 4061 omen
614 3992 690 4062 felix
707 3994 845 4090 Euploea
861 4001 1002 4089 carinis,
