2934 4950
67 351 182 416 (ιω.)
371 353 589 409 nunnamos
611 353 721 409 amau
744 353 797 408 rx.
835 324 838 329 ’
1058 349 1109 406 ισι

66 482 140 549 Hoc
158 478 249 550 ultor
268 483 442 574 Capaneus
460 461 568 575 operit
584 494 642 549 tua
659 479 807 562 'membra
826 481 1020 572 sepulcro.»

113 603 170 673 Sic
190 589 316 696 anceps
331 601 416 671 dura
436 601 515 671 belli
534 604 604 671 vice
623 615 741 670 mutua
760 602 871 670 Graiis

66 723 278 818 Sidoniisque
300 723 571 810 simutuectehat
590 721 728 792 vulnera
747 725 893 791 Mavors.

65 849 128 915 Hic
152 844 242 915 ferus
260 843 511 941 Hippomedon,
535 843 602 914 illic
623 869 690 915 non
710 845 844 938 segnior
864 846 1015 940 Hypseus

67 969 193 1056 Fletur,
210 985 244 1038 et
260 966 378 1037 alterni
398 959 548 1062 praebent
564 968 682 1038 solatia
699 967 818 1039 luctus.

113 1091 283 1161 Tristibus
303 1093 430 1160 interea
450 1116 604 1159 somnum
624 1090 759 1160 turbata
775 1091 891 1185 liguris

67 1215 178 1280 Torva
200 1213 374 1308 sagittiferi
396 1227 503 1282 mater
518 1215 669 1306 Tegeatis
693 1215 832 1310 ephebi,

68 1323 170 1404 Crine
190 1332 269 1404 dato
284 1335 425 1428 passim,
444 1331 633 1428 plantisque
651 1360 692 1404 ex
708 1359 802 1402 more
820 1334 952 1422 solutis,

68 1461 158 1526 Ante
178 1456 266 1524 diem
286 1451 412 1552 gelidas
434 1456 502 1524 ibat
520 1455 666 1525 Ladonis
686 1456 728 1524 ad
748 1457 851 1526 undas

66 1581 255 1674 Purgatura
279 1577 403 1646 malurn
423 1577 525 1647 fluvio
546 1581 679 1647 vivente
701 1604 865 1673 soporem.

68 1704 225 1794 Namque
244 1725 305 1794 per
323 1702 481 1769 attonitas
500 1725 657 1770 curarum
676 1699 824 1794 pondere
843 1717 959 1774 noctes

69 1828 162 1918 Saepe
183 1837 215 1890 et
232 1820 383 1917 delapsas
404 1820 533 1916 adytis,
556 1847 638 1915 quas
655 1823 729 1915 ipsa
746 1821 872 1891 dicarat

69 1947 238 2028 Exuvias,
254 1963 355 2037 seque
370 1945 493 2038 ignotis
510 1969 622 2013 errare
639 1942 799 2038 sepulcris

69 2071 247 2136 Fatorrem
266 2066 433 2153 nemoris,
451 2064 693 2159 Dryadumque
712 2091 731 2134 a
748 2064 844 2159 plebe
860 2065 1025 2160 fugatam,

70 2193 164 2286 Saepe
181 2212 287 2258 novos
307 2189 376 2257 nati
395 2183 483 2256 bello
501 2185 637 2256 rediisse
657 2188 863 2281 triumphos,

70 2316 258 2406 Armaque,
277 2325 311 2378 et
328 2307 491 2404 alipedem
512 2322 646 2394 notum,
665 2309 869 2401 comitesque
886 2307 1040 2396 videbat,

73 2413 250 2528 Nusquam
268 2434 401 2527 ipsum:
421 2453 511 2499 nunc
528 2455 568 2512 ex
582 2429 728 2500 humeris
747 2428 881 2498 fluxisse
900 2429 1100 2524 pharetras,

71 2555 278 2651 Effigiesque
300 2578 392 2640 suas,
411 2551 653 2647 simulacraque
671 2567 756 2627 uota
768 2553 921 2621 cremari.

72 2672 264 2772 Pracipuos
284 2675 342 2745 sed
363 2677 451 2744 enim
471 2671 527 2742 illa
546 2689 653 2743 metus
672 2673 871 2769 portendere
885 2676 956 2743 visa

74 2800 104 2868 N
106 2824 150 2867 ox
169 2800 314 2886 miserae,
329 2782 471 2891 'totoque
492 2798 596 2865 erexit
612 2811 746 2891 pectore
764 2811 915 2865 matrem.

122 2922 213 2989 Nota
235 2944 295 3013 per
312 2917 471 2989 Arcadias
492 2916 580 2986 felici
599 2918 720 2987 robore
741 2916 839 2987 silvas

74 3042 228 3129 Quercus
248 3038 334 3128 erat,
351 3040 472 3109 Triviae
493 3038 841 3133 quamdesacraverat
858 3042 929 3135 ipsa

76 3162 227 3232 Electum
248 3135 345 3230 turba
364 3186 558 3247 nemorum,
577 3185 768 3255 numenque
787 3156 929 3231 colendo

75 3288 241 3355 Fecerat:
260 3282 317 3369 hic
337 3307 452 3373 arcus,
473 3296 506 3349 et
525 3280 610 3351 sessa
628 3307 790 3376 reponere
812 3279 895 3371 tela,

77 3410 245 3498 Armaque
265 3382 367 3472 curva
383 3428 499 3489 suum,
522 3418 555 3471 et
577 3429 760 3473 vacuorum
781 3420 873 3499 terga
892 3400 1027 3476 leonum

81 3529 208 3619 Figere,
228 3540 262 3594 et
279 3526 430 3619 ingentes
451 3526 617 3619 sequentia
636 3550 764 3594 cornua
785 3524 894 3595 silvas.

83 3649 145 3715 Vix
164 3644 265 3716 ramis
285 3644 378 3716 locus
393 3671 401 3714 ε
416 3661 562 3741 agrestes
582 3646 667 3715 adeo
689 3646 803 3717 omnia
820 3649 963 3743 cingunt

78 3769 234 3855 Exuvias,
255 3783 289 3835 et
306 3762 544 3837 viridemserri
562 3770 652 3836 nitor
671 3767 812 3862 impedit
829 3769 992 3837 umbram.

80 3894 191 3977 Hane,
210 3906 248 3959 ut
265 3890 350 3977 forte
367 3890 456 3983 jugis
473 3887 576 3985 longo
595 3889 722 3959 defessa
742 3889 873 3960 redibat

80 4010 232 4100 Venatu,
249 4009 350 4079 modo
370 4026 468 4107 rapta
482 4008 574 4081 ferox
594 4012 854 4107 Erymanthidos
872 4036 957 4082 ursae

226 4160 262 4203 n.
927 4157 964 4203 11
