2934 4950
348 393 405 448 320
722 389 1022 446 anuora'flouus

346 509 461 566 Barthio
474 509 572 582 judice
590 508 679 583 ipsius
692 507 807 580 Papinii
821 507 949 582 scriptio.
965 506 1069 562 ltidem
1082 508 1239 562 Tartarum
1254 509 1369 562 solum
1380 509 1430 562 liic

345 603 494 678 requirens
508 602 610 659 Markl.
630 600 755 674 conjecit
776 599 831 678 (nd
846 601 910 657 silv.
919 641 930 668 ,
948 619 989 670 rr,
1008 619 1036 670 1,
1059 596 1106 675 14)
1123 620 1130 654 :
1151 599 1352 678 lomiia(e1
1376 621 1426 654 or-

346 694 424 775 rida)
440 715 530 772 regna
539 737 549 766 ‚
564 705 598 752 ut
613 714 645 766 1,
660 703 733 770 apl,
747 693 908 767 leom'jera,
923 694 970 748 rel
983 694 1097 761 saltem,
1112 691 1167 761 ait,
1179 694 1260 748 ι’πνιὶι
1275 712 1398 770 regnu.

386 793 437 846 Me
449 807 559 866 quoque
575 786 613 867 (ι.
625 785 684 866 60).
699 787 744 844 Sc.
754 805 836 862 paene
846 784 955 844 flexum
968 784 1080 861 Orphei
1098 795 1193 842 cantu.
1209 787 1336 842 Melior
1344 797 1426 850 ent,

346 883 422 940 vicit.
874 873 877 885 ¹

386 977 514 1033 Nutabat
526 977 608 1032 tellus
626 973 666 1052 (v.
681 971 740 1051 δι).
755 997 768 1024 ι
779 975 834 1030 ΜΒ
850 994 857 1027 :
875 975 1022 1029 adnutat:
1041 974 1124 1049 quod
1138 973 1344 1049 Papinianum
1358 993 1425 1028 om-

346 1070 416 1128 nino
435 1070 584 1139 existimo;
597 1087 651 1124 nec
664 1067 809 1124 deterrere
823 1066 912 1124 debet
924 1067 1035 1122 rocula
1045 1069 1090 1122 ad
1100 1067 1243 1142 repetitio.
1257 1091 1273 1118 ι
1293 1068 1420 1123 Bam.

386 1167 428 1220 At
439 1164 492 1219 tibi
503 1158 698 1240 (Amphiarae)
713 1179 802 1236 quos,
826 1161 933 1235 inquil,
951 1179 1051 1216 manes
1069 1160 1107 1239 (r.
1125 1159 1192 1240 Ml?
1209 1162 1232 1216 1.
1255 1177 1288 1215 e.
1314 1163 1422 1234 quale·
1461 1198 1462 1201 η

346 1270 374 1314 te
390 1257 537 1315 decebunt
548 1253 663 1312 monesi
677 1253 746 1311 felix
761 1271 798 1310 au
816 1253 917 1309 iuielix
930 1253 1007 1310 inter
1017 1273 1116 1311 manes
1130 1251 1292 1311 conditio?
1312 1255 1421 1328 AEqnc·
1461 1274 1462 1331 3

345 1350 465 1408 ulterius
486 1357 687 1425 processerunt
707 1347 787 1404 Lact.
807 1355 837 1402 et
855 1346 971 1404 Servius
984 1346 1023 1404 ad
1044 1349 1125 1423 Virg.
1146 1350 1231 1414 En,
1251 1363 1317 1415 vr,
1341 1350 1422 1418 743,

346 1445 471 1519 queml.
492 1442 540 1499 cit.
563 1444 657 1512 Lact,
677 1441 803 1514 Quisque
829 1459 896 1496 suos
915 1442 1051 1514 patimur
1070 1461 1186 1512 mana,
1207 1457 1376 1513 «poenas·
1394 1455 1421 1496 et

345 1537 531 1613 usupplician
550 1535 733 1610 explicantes.
748 1532 808 1591 Sed
819 1532 934 1590 Servius
948 1551 978 1590 sc
993 1533 1121 1610 corrigit.

385 1635 561 1706 Interceptus
577 1627 616 1708 (v.
632 1625 692 1706 87).
708 1629 772 1684 Hoc
786 1627 827 1683 sic
840 1626 927 1683 scribi
940 1646 1001 1683 nou
1014 1627 1141 1701 potuisse
1162 1627 1235 1684 vidit
1247 1629 1420 1696 Banhius,

345 1736 374 1782 et
391 1723 510 1802 corrigit
524 1724 703 1797 imlecerptus
726 1739 763 1777 ex
780 1721 924 1778 librorum
937 1739 1057 1778 suorum
1070 1721 1191 1778 lectione
1204 1722 1395 1797 indecem
1410 1745 1419 1774 :

345 1838 432 1894 quam
457 1819 546 1893 ipsam
566 1833 663 1872 veram
684 1833 744 1872 esse
769 1813 921 1886 existimo,
944 1813 1015 1890 quia
1034 1815 1224 1890 Amphiaraus
1239 1817 1363 1888 etiam,
1385 1829 1419 1870 nt

344 1915 481 1986 Mopsus,
497 1912 579 1966 nulla
592 1910 728 1982 deceptus
740 1909 828 1976 alite,
842 1925 921 1982 supr.
936 1927 978 1977 ιι,
993 1907 1062 1983 693.
1076 1910 1126 1965 Est
1145 1907 1235 1984 igitur
1249 1909 1338 1965 certi
1359 1929 1416 1964 au·

347 2005 423 2080 gurii
435 2005 538 2058 honos.

385 2101 426 2151 At
439 2095 512 2150 milu'
523 2095 561 2172 (v.
577 2111 616 2169 9²
630 2092 695 2174 ιφ).
711 2093 889 2152 ιΟιᾶοιιΙίι
896 2105 938 2151 est
952 2114 959 2152 :
974 2095 1085 2152 cunctis
1097 2093 1315 2150 linitorrenun
1323 2109 1415 2171 puta-

344 2190 383 2245 ris
391 2209 397 2244 ε
406 2187 476 2244 mihi
483 2205 555 2244 vero
565 2187 650 2245 etiam
657 2198 745 2244 sator.
752 2189 827 2244 llam
833 2185 927 2262 'quum
935 2189 1052 2245 Plutoni
1061 2198 1171 2245 constet
1177 2197 1293 2265 terram
1303 2208 1414 2246 conse-

344 2293 467 2352 crutam,
477 2280 547 2337 dicit
561 2280 656 2337 omnia
669 2281 805 2337 membra-
813 2282 919 2338 resolvi
931 2292 961 2339 et
974 2281 1011 2338 de
1027 2292 1103 2338 terra
1112 2292 1216 2338 cuneta
1228 2285 1414 2356 procreari:

342 2374 418 2448 juste
432 2393 500 2451 ergo
516 2385 629 2430 creator
648 2373 765 2445 dicitur,
780 2392 871 2450 aquo
885 2374 1019 2433 universa
1033 2375 1197 2452 gignuntur.
1213 2378 1255 2430 At
1270 2375 1332 2453 [ita
1348 2378 1411 2434 cod.

344 2467 434 2539 Paris,
450 2486 509 2524 non
526 2481 589 2539 ast,
604 2467 685 2543 quod
693 2467 818 2525 editores
825 2478 854 2525 et
867 2467 1003 2525 Guietum
1015 2469 1047 2524 in
1058 2487 1187 2525 errorem
1194 2467 1338 2548 induxit]
1348 2491 1413 2548 ego,

345 2563 414 2637 quia
426 2572 506 2619 vates
519 2562 576 2633 lui,
590 2580 691 2618 noram
705 2562 771 2617 vitae
784 2571 812 2618 te
827 2579 886 2619 esse
902 2573 1073 2632 creatorem,
1093 2582 1128 2618 ex
1141 2580 1177 2618 eo
1190 2562 1279 2636 quod
1298 2566 1413 2622 annuas

344 2654 449 2711 iterum
467 2653 557 2711 mittis
574 2655 605 2711 in
623 2672 764 2729 corpora3
777 2666 810 2710 ut
823 2654 959 2730 Virgilius
972 2652 1048 2731 [AEn.
1057 2697 1068 2724 ,
1082 2674 1133 2725 ιι,
1148 2652 1214 2731 751]
1230 2675 1239 2709 t

453 2862 459 2875 .
476 2862 483 2876 .
499 2863 505 2877 .
523 2863 529 2876 .
545 2830 577 2878 Et
591 2826 709 2895 incipient
724 2827 752 2877 in
766 2842 870 2895 corpora
883 2826 945 2877 velle
958 2826 1061 2887 reverti,

346 3012 375 3059 et
392 3001 470 3059 idern
486 3020 572 3077 supra
592 3001 631 3081 [ι.
652 3000 699 3081 26]
715 3022 722 3057 :
728 3002 801 3077 sato
813 3014 910 3057 serunt
924 2998 973 3079 [ita
987 3001 1052 3057 cod
1066 3003 1147 3072 Pan,
1160 3002 1366 3076 uonserwrt,
1383 3018 1413 3062 ut

345 3093 424 3172 edd]
436 3097 559 3152 animas.
570 3099 675 3153 »Lacu
690 3095 780 3153 Addit
792 3094 958 3153 Bernartius
964 3094 1105 3152 Varronis
1113 3096 1208 3151 locum
1222 3115 1231 3149 ε
1247 3120 1261 3147 ι
1276 3097 1412 3174 Diespi.

344 3198 388 3245 ter
402 3188 507 3245 dicitur
518 3186 634 3247 infimus
643 3208 701 3261 aer,
715 3188 768 3265 qui
777 3199 819 3246 est
832 3189 1005 3262 conjunctus
1018 3188 1175 3259 terrae,ub1
1188 3190 1288 3247 omnia
1303 3194 1413 3251 oriun-

342 3292 404 3355 tur,
422 3282 475 3338 ubi
488 3284 670 3341 oboriuntur.
686 3307 699 3333 ι
854 3276 857 3283 ’

385 3376 464 3431 llam
482 3376 533 3432 tibi
541 3378 674 3451 proesogi
684 3378 815 3452 quz‘snam
827 3374 867 3456 (v.
886 3374 963 3455 118).
977 3380 1107 3437 Auctore
1120 3376 1237 3434 Barthio
1251 3380 1361 3437 scribe
1377 3402 1412 3439 ex

344 3470 399 3524 ΜΒ
418 3478 447 3523 et
463 3468 525 3525 aliis
543 3470 624 3525 libris
637 3471 677 3547 (et
690 3488 726 3525 ex
739 3467 832 3547 Lact.)
847 3489 854 3525 :
868 3494 881 3521 ι
894 3470 1015 3547 praesagi
1033 3470 1206 3546 quiqam.»

384 3564 477 3635 Atque
505 3562 597 3617 avr’cloe
622 3560 660 3637 (r.
694 3561 770 3641 132).
792 3564 848 3619 ΜΒ
872 3583 880 3619 ι
905 3576 1008 3639 utque5
1038 3586 1054 3616 ι
1075 3564 1272 3639 perpulchre,
1301 3565 1411 3644 inquit

345 3655 456 3723 Barth„
470 3655 548 3711 velut
565 3655 697 3711 nondum
715 3656 835 3727 satiata,
853 3656 906 3713 sed
917 3658 1016 3732 plures
1030 3657 1172 3732 deglutire
1186 3657 1368 3731 cupientis.»

391 3748 459 3804 Cum
473 3766 543 3804 uoce
559 3750 677 3805 tetendit
693 3746 732 3827 (v.
751 3750 828 3829 146).
849 3750 897 3807 Sic
919 3750 1031 3827 aliquot
1050 3750 1136 3807 codd.
1158 3770 1219 3807 non
1236 3753 1308 3808 mali
1340 3774 1411 3812 cum

347 3862 364 3898 n
378 3844 467 3919 Regg.
487 3853 516 3899 et
529 3844 607 3899 Lact.
626 3843 683 3900 Sed
697 3844 785 3901 ceteri
797 3844 915 3917 melius,
932 3854 965 3901 ut
977 3844 1102 3915 ridetur,
1116 3846 1230 3901 tetendi.
1245 3878 1286 3889 -
1295 3849 1411 3907 Paullo

345 3946 463 4015 post,r.
477 3935 548 4008 148,
562 3940 691 3995 Gronov.
705 3938 897 4014 probabiliter
911 3940 987 4013 conj.
998 3961 1005 3995 ε
1016 3967 1028 3991 ι
1041 3940 1256 4015 fumantemque
1266 3944 1386 4013 Iocum,
1396 3970 1410 3994 s

345 4030 364 4084 i.
382 4048 407 4085 e.
425 4029 540 4087 hiatum.
