2934 4950
431 505 593 564 norim
614 505 855 594 numanati.
1142 510 1172 582 jx
1231 534 1236 545 ι

119 635 348 730 morphoseon
371 633 489 704 Ovidii
508 631 609 704 bodie
628 632 792 704 luuntur.
817 639 871 704 Dc
891 659 926 704 se
952 635 1104 729 loquitur
1130 639 1172 706 ad

120 755 248 824 librum
265 779 302 825 vr
323 753 531 837 Thebaidos,
554 779 587 851 p.
608 779 681 851 279
705 755 757 824 ed.
779 756 899 826 Crucei
917 780 926 822 ε
945 755 1039 825 «Sed
1058 756 1100 825 de
1122 758 1173 828 bis

120 878 223 947 mbas
244 875 303 970 (de
324 873 583 972 Antipodibus),
602 891 704 970 prout
723 878 859 969 ingenio
879 902 955 947 meo
976 894 1173 950 connectere

120 1001 235 1092 potui,
255 1023 295 1068 ex
317 996 410 1066 libris
428 995 607 1066 ineffabilis
623 996 786 1066 doctrine
805 999 927 1066 Persei
939 1001 1173 1093 preceptoris,

121 1143 274 1188 seorsum
305 1115 454 1187 libellum
477 1118 649 1212 composui
678 1119 873 1186 lactantius
898 1117 1093 1187 Placidus.»
1119 1120 1173 1189 Sic

121 1242 219 1310 MSS.
237 1239 499 1332 Lindenbrogii,
517 1239 600 1308 dum
616 1247 696 1308 vett.
715 1239 790 1308 cdd.
815 1254 849 1308 et
864 1242 936 1309 MS·
956 1242 1082 1309 Paris:
1099 1243 1174 1311 Coe·

121 1363 191 1431 Ii'us
203 1362 406 1432 Firmimus
417 1363 516 1430 Lact.
534 1361 650 1445 Plan,
669 1361 793 1454 quibus
806 1361 1047 1430 obversabatur
1062 1361 1173 1433 clarus

121 1497 244 1552 auctor
265 1483 533 1552 Institutionum.
554 1481 620 1552 Alii
646 1507 722 1550 eum
745 1479 918 1576 appellant
937 1485 1102 1553 Lutatius
1121 1483 1174 1552 vel

121 1605 310 1674 Luetnttits
344 1603 540 1687 Placidus,
569 1603 816 1697 refragantibus
844 1619 934 1673 certe
964 1605 1059 1672 MSS.
1093 1607 1174 1676 Non

120 1741 199 1796 ante
214 1749 290 1795 saec.
308 1751 343 1795 vi
359 1727 483 1820 scripta
497 1750 565 1794 esse
579 1725 650 1794 haec
670 1724 796 1795 scholia
813 1740 969 1820 possunt,
991 1727 1113 1822 partim
1134 1751 1173 1796 ex

120 1850 256 1936 Servio,
273 1849 433 1942 Hygino,
451 1844 524 1916 aliis
542 1848 759 1933 concinnata3
778 1846 995 1917 nihilominus
1009 1847 1174 1943 permulta

121 1971 219 2038 etiam
240 1969 381 2064 propria
394 1969 578 2036 continent.
592 1967 706 2037 Editio
717 1970 875 2062 princeps
888 1993 1023 2052 eorum,
1041 1994 1115 2063 quae
1131 1968 1173 2037 ad
1236 1957 1239 1960 ⁴

122 2089 328 2158 Thebaidem
346 2089 471 2184 scripta
488 2103 583 2176 sunt,
601 2102 652 2158 est
660 2093 822 2160 Romana
834 2089 915 2156 anni
932 2084 1039 2185 14753
1054 2088 1174 2158 deinde
1227 2117 1234 2126 ¹

123 2211 162 2280 ab
179 2211 441 2304 Lindenbrogio
457 2236 496 2280 ex
510 2211 606 2281 MSS.
620 2209 794 2278 emendata
811 2223 905 2297 sunt,
924 2235 953 2278 a.
978 2206 1085 2297 1600,
1095 2215 1172 2290 ,Ρα-

125 2334 196 2416 n's.,·
207 2347 381 2427 postrema
399 2355 515 2424 eorum
531 2331 634 2400 editio
657 2332 852 2412 Crueeana,
871 2354 900 2398 a.
927 2327 1029 2418 1618,
1040 2332 1172 2415 Pons,

126 2453 241 2523 additis
260 2454 354 2523 notis
364 2452 617 2547 Lindenbrogii.
639 2454 709 2523 Nos
721 2453 941 2522 Parisiensem
962 2454 1074 2546 Regiae
1090 2452 1171 2522 bibl·

125 2576 271 2645 codicem
285 2600 338 2644 nr.
356 2572 473 2663 8063,
492 2573 565 2659 fol,
584 2576 746 2663 membr.,
764 2600 836 2644 saec.
857 2599 903 2643 xv
918 2576 1084 2663 ineuntis,
1094 2600 1174 2643 con-

125 2696 278 2783 tulimus,
304 2695 492 2791 splendide,
521 2696 578 2767 sed
597 2698 810 2767 vitiosissime
835 2698 1028 2791 scriptum:
1053 2695 1173 2765 nihilo·

124 2821 231 2889 minus
252 2821 291 2887 in
311 2818 401 2887 notis
420 2820 542 2887 nostris
560 2833 610 2887 sat
626 2842 782 2912 magnam
801 2819 881 2888 inde
901 2818 1172 2888 emendationum

126 2938 255 3027 silvam,
275 2939 335 3007 ubi
354 2940 485 3009 occasio
501 2938 645 3028 serebat,
665 2940 865 3035 productam
886 2938 1025 3009 videbis.

170 3064 299 3129 enter
322 3058 394 3129 hoeo
420 3059 547 3129 scholia
573 3060 730 3129 Barthius
760 3084 779 3129 e
804 3060 935 3129 duobus
958 3057 1054 3128 codd.
1076 3061 1172 3128 Statii

129 3206 207 3273 quos
222 3181 372 3250 versant
388 3182 628 3274 antiquissimis
641 3182 730 3251 eruit
744 3180 1055 3278 Glossograplium,
1073 3180 1174 3247 modo

129 3304 237 3394 paucis
262 3300 366 3371 modo
395 3300 548 3396 pluribus
572 3299 776 3371 difficiliores
807 3316 913 3397 poetae
930 3301 1110 3370 sententias
1121 3325 1175 3369 ex·

127 3439 324 3519 ponentem,
352 3436 422 3493 mm
450 3446 527 3493 rere
556 3423 757 3519 plerumque
782 3448 822 3492 ac
849 3422 997 3511 feliciter,
1017 3436 1056 3490 ut
1079 3446 1175 3516 paene

126 3568 336 3615 succenseam
357 3545 459 3633 mihi,
481 3545 539 3638 qui
558 3568 628 3613 non
649 3542 748 3641 plura
766 3544 845 3614 inde
864 3543 908 3613 ad
924 3541 1172 3612 dilucidandam

127 3662 272 3735 locorum
289 3665 516 3760 quorumdam
528 3666 768 3735 obscuritatem
784 3661 1173 3760 excerpserunlliclicet

127 3810 191 3855 non
209 3802 278 3855 tam
292 3787 393 3855 docte
403 3802 557 3857 excurrat
574 3788 609 3855 in
626 3784 866 3881 mythologiam
887 3783 1035 3877 aliasque
1051 3808 1104 3852 res
1116 3808 1174 3852 an·

127 3907 250 4001 tiquas,
262 3932 366 4002 quam
376 3908 587 3993 Lactantius,
606 3908 707 3977 verba
719 3922 833 3976 minen
853 3921 887 3975 et
902 3904 1083 3974 sententias
1100 3904 1174 3972 Sta-

127 4030 161 4098 tii
179 4029 285 4100 multo
302 4028 423 4099 melius
442 4028 603 4099 intellexit
619 4044 652 4099 et
671 4031 837 4125 exposuit·

170 4150 219 4221 Ad
238 4148 463 4223 Achilleidem
494 4152 662 4221 lactantii
689 4149 817 4219 scholia
843 4175 884 4219 ex
903 4149 1017 4219 codice
1040 4150 1094 4215 Fr.
1115 4147 1170 4215 Pi·
