2934 4950
330 399 386 469 276
630 396 884 456 ammos
905 399 1081 456 nonulla
1262 405 1373 469 (mor.)

328 527 373 592 Et
388 547 510 618 magno
528 523 657 617 genitus
673 521 875 614 Telamone,
892 525 1043 620 Ajaxque
1059 525 1245 623 secundus,

328 647 398 716 Nos
414 669 547 739 quoque
564 669 572 712 :
590 643 649 713 sed
665 647 803 715 Mavors
823 645 1029 741 abreptaque
1047 650 1148 743 Troja
1168 649 1374 744 probabunt

327 765 447 854 Illum,
466 763 645 860 neglectis,
661 766 764 862 pudet
783 764 868 838 heu!
889 767 1106 858 ductoribus,
1122 775 1241 842 omnes

328 886 529 983 Belligerum
549 911 610 957 ceu
629 913 754 957 numen
771 904 914 959 amant:
934 889 988 960 dic
1005 893 1098 961 ocius
1114 891 1294 988 (auteur

327 1010 421 1076 Serta
440 1007 547 1078 comis
562 1023 597 1077 ct
612 1008 701 1077 mitis
718 1008 873 1104 honosl)
889 1012 1012 1106 quibus
1030 1012 1171 1083 abditus
1179 1015 1272 1104 oris,

326 1130 447 1219 Quave
462 1128 560 1222 jubes
576 1127 696 1198 tellure
714 1130 809 1224 peti:
829 1156 907 1201 nam
924 1132 1030 1220 fama,
1048 1158 1110 1203 nec
1129 1136 1236 1205 antris

327 1248 499 1337 Chironis,
518 1250 628 1344 patria
644 1274 705 1319 nec
722 1248 843 1346 degere
862 1252 979 1347 Peleos
996 1254 1084 1326 aula.

327 1371 403 1458 Eia,
421 1371 570 1465 irrumpe
583 1374 694 1460 -Deos,
714 1387 749 1442 et
767 1371 835 1443 lata
852 1373 988 1446 latentia
1006 1376 1096 1466 lara,

326 1491 592 1586 Laurigerosque
612 1494 720 1588 ignes,
741 1494 769 1563 si
789 1495 939 1588 quando,
955 1498 1166 1598 avidissimus
1186 1503 1312 1573 hauri:

325 1621 428 1682 Arma
446 1613 691 1700 horrendatibi
710 1641 880 1712 saevosque
899 1622 1221 1695 remisimusenses·

325 1731 509 1828 Nunquam
525 1735 585 1804 has
604 1735 756 1807 imbelles
771 1737 866 1833 galea
880 1739 1049 1820 violabere
1065 1745 1195 1838 vittas:

324 1854 378 1924 Sis
394 1854 489 1944 felix,
505 1880 711 1952 numeroque
729 1857 853 1928 ducum
863 1837 1210 1958 prestantioromni,

323 1975 359 2043 si
381 1999 539 2070 magnum
551 1978 681 2046 ,Danais
701 2004 762 2072 per
779 1995 813 2048 te
830 1983 1001 2076 portendis
1017 1985 1192 2060 Achillem.
1211 2021 1230 2056 n

371 2093 574 2168 iamdudum
593 2097 724 2191 trepido
744 2100 936 2172 circumfert
952 2102 1080 2177 lumina
1097 2125 1212 2201 motu,

322 2219 574 2311 lutrantemque
591 2219 701 2289 Deum
718 2223 828 2315 primo
847 2223 977 2318 pallore
991 2227 1120 2299 'fatetur

322 2337 559 2410 Thestorides:
577 2365 667 2422 ιῃοιι1
677 2342 754 2436 igne
773 2368 874 2439 genas
890 2363 924 2416 et
941 2352 1102 2446 sanguine
1121 2368 1284 2449 torquens

321 2459 394 2529 Nec
414 2459 535 2549 socios,
553 2485 615 2530 nec
630 2478 736 2533 castra
752 2464 862 2555 videt,
876 2467 935 2551 sed
949 2496 1055 2543 meus
1072 2489 1107 2544 et
1123 2501 1240 2547 uncus

320 2582 421 2651 Nunc
440 2581 605 2675 Superum
623 2608 762 2679 magnos
781 2586 956 2682 deprendit
972 2593 1006 2661 in
1025 2595 1147 2667 aethere
1162 2614 1288 2687 coeurs,

321 2703 423 2772 Nunc
442 2726 535 2796 sagas
550 2702 676 2775 affatur
694 2731 786 2797 aves,
804 2734 894 2781 nunc
912 2712 986 2785 dira
999 2741 1160 2792 ¹sororum
1183 2758 1186 2764 ·

320 2820 428 2909 Licin,
447 2822 625 2895 thuriferas
646 2826 748 2898 modo
768 2831 913 2903 consulit
931 2839 1057 2909 anxius·
1069 2867 1161 2931 aras,

320 2939 611 3039 Flammarumque
628 2946 740 3042 apices
757 2952 863 3046 rapit,
881 2970 914 3024 et
932 2957 1076 3057 caligine
1095 2990 1191 3036 sacra

320 3066 472 3135 Pascitur
491 3090 500 3135 τ
521 3066 682 3139 exsiliunt,
697 3071 822 3161 crines,
839 3076 1021 3175 rigidisque
1041 3082 1172 3158 laborat

320 3184 413 3255 Vitta
434 3188 552 3276 comis,
571 3212 631 3259 nec
647 3187 734 3259 colla
752 3190 843 3285 loco,
861 3201 977 3269 necin
996 3204 1114 3277 ordine
1132 3236 1276 3305 gremns

367 3306 517 3376 Tandem
532 3308 617 3379 fessa
634 3324 779 3384 tremam
798 3314 908 3414 longis
919 3326 1108 3421 mugitibus
1123 3356 1182 3403 ora

318 3425 444 3516 Solvit,
463 3444 496 3497 et
512 3430 703 3525 oppositum
722 3459 789 3505 vox
807 3436 953 3513 eluctata
969 3444 1117 3519 furorem
1127 3470 1185 3523 oet
1205 3483 1215 3525 :

366 3578 384 3613 α
400 3549 479 3638 Quo
493 3550 582 3645 rapis
599 3552 768 3649 ingentem
782 3562 898 3656 magni
916 3564 1072 3639 Chironis
1088 3569 1264 3647 alumnum

317 3670 499 3760 Femineis,
515 3671 631 3763 Nerei,
646 3672 754 3745 dolis?
770 3678 839 3749 huc
854 3685 949 3755 mitte
968 3714 977 3758 :
998 3689 1080 3784 quid
1098 3695 1232 3768 aufers?

317 3793 395 3861 Non
413 3791 522 3885 patiar
544 3819 551 3862 ε
572 3818 665 3865 meus
681 3798 759 3887 iste,
779 3825 872 3873 meus
894 3830 903 3873 :
921 3821 959 3877 tu
975 3808 1053 3881 diva
1069 3815 1246 3911 profundi,

315 3914 360 3979 Et
373 3936 426 3991 me
441 3911 585 3983 Phoebus
601 3917 693 4011 agit:
707 3917 845 3992 latebris
862 3928 984 4019 quibus
998 3932 1121 4005 addere
1139 3953 1250 4013 tentas

312 4034 513 4109 Eversorem
529 4036 636 4107 Asiae?
654 4039 753 4113 video
769 4070 833 4139 per
851 4046 1011 4143 Cycladas
1027 4054 1124 4127 altas
