2934 4950
85 476 117 535 (v,
130 476 203 537 stt.)
403 470 617 529 Tflnttslnos
638 474 749 529 hlBER
768 473 819 527 vt.

84 604 155 669 lam
173 600 266 693 prior
281 596 455 683 OEclides,
469 614 501 667 ct
513 600 583 692 jam
600 624 667 667 non
682 602 798 669 tertius
813 600 882 669 ibat

85 721 261 808 Admetus,
279 718 355 789 laxo
371 744 476 813 quum
494 719 626 790 taudem
643 746 683 791 ex
699 722 781 789 orhe
796 720 954 791 reductus

85 838 267 934 AEquoreus
287 842 420 934 sonipes
441 842 578 936 premit,
599 840 776 935 evaditque
794 866 975 937 parumper

85 966 249 1032 Gavisos:
270 962 359 1032 subit
374 979 463 1033 astra
481 964 607 1061 fragor,
627 962 815 1057 coelumque
833 966 1008 1048 tremiscit,
1120 947 1124 967 ⁵

86 1086 274 1177 Omniaque
290 1109 426 1154 excusso
444 1082 582 1180 patuere
600 1085 715 1155 sedilia
732 1085 843 1182 vulgo.

87 1204 147 1274 Sed
170 1229 233 1273 nec
251 1202 321 1273 lora
343 1206 447 1300 regit,
467 1230 529 1274 nec
551 1205 687 1275 veihera
707 1205 851 1301 pallidus
873 1206 966 1275 addit

87 1325 288 1395 Labdacides
310 1351 317 1392 :
340 1324 426 1393 lassa
446 1324 547 1394 veluti
568 1328 697 1395 ratione
716 1329 874 1422 magister
929 1326 932 1331 ’

87 1451 125 1516 In
142 1446 280 1535 fluctus,
300 1447 334 1515 in
353 1470 432 1515 saxa
448 1447 531 1531 ruit;
548 1471 610 1517 nec
621 1449 690 1540 jam
706 1447 849 1541 amplius
865 1463 954 1519 astra

88 1568 247 1663 Respicit,
263 1582 297 1635 et
310 1568 432 1635 victam
448 1569 589 1660 projecit
602 1568 732 1637 casibus
748 1583 863 1638 artem.

134 1692 264 1756 Rursus
281 1688 466 1781 praecipites
483 1688 516 1757 iu
534 1702 624 1756 recta
641 1712 679 1757 ac
697 1687 793 1759 devia
809 1690 916 1783 campi

89 1808 288 1903 Ohliquant,
303 1806 509 1900 tenduntque
524 1809 607 1896 vias,
623 1810 744 1877 iterum
758 1810 874 1879 axibus
889 1834 966 1880 axes

89 1930 224 2018 lnllieti,
245 1927 413 2021 radiisque
434 1944 513 1997 rotae
535 1954 625 2023 :pax
646 1928 753 2018 nulla,
774 1930 931 2024 fidesque.

90 2050 177 2121 Bella
191 2051 263 2146 geri
279 2049 368 2119 ferro
382 2047 503 2135 levius3
519 2048 607 2122 bella
620 2050 758 2124 horrida
771 2050 896 2121 medas.

91 2177 120 2241 ls
135 2172 230 2241 furor
247 2172 282 2239 in
299 2169 397 2243 laude
413 2184 462 2241 est
480 2197 488 2239 ε
508 2170 693 2266 trepidant,
716 2187 926 2266 mortemque
943 2176 1128 2260 minantur,

91 2293 265 2387 Multaque
283 2292 479 2361 transversis
496 2292 740 2386 praestringitur
756 2291 881 2386 ungula
899 2294 1034 2387 campis.

91 2417 157 2486 Nec
171 2417 244 2510 jam
264 2412 435 2484 sufficiunt
454 2410 598 2500 stimuli,
620 2436 686 2482 non
709 2412 848 2482 verbera
867 2437 875 2480 :
893 2437 975 2483 voce

91 2537 356 2630 Nominibusque
373 2538 461 2606 cient
477 2531 625 2602 Pholoen
644 2533 819 2619 Admetus,
837 2548 872 2601 et
890 2536 958 2602 Irin

92 2661 115 2724 F
118 2657 315 2751 unalemque
334 2656 469 2742 Thoen,
492 2653 646 2748 rapidum
666 2654 834 2723 Danaeius
854 2679 963 2748 augur

92 2779 255 2848 Ascheton
276 2777 502 2869 increpitans,
521 2775 745 2867 meritumque
764 2773 926 2844 vocabula
946 2778 1107 2868 Cycnum.
1173 2804 1177 2813 ¹

93 2899 192 2970 Audit
212 2913 248 2968 et
265 2895 466 2968 Herculeum
484 2899 641 2989 Strymon
660 2895 839 2983 Chromin,
855 2897 997 2965 Euneon
1018 2895 1111 2964 audit

93 3023 208 3114 lgneus
229 3020 372 3090 AEchion
393 3044 401 3085 t
424 3018 558 3086 tardum
577 3015 748 3110 Calydona
768 3015 896 3086 lacessit

95 3142 343 3237 Hippodamus,
364 3141 559 3233 variumque
578 3138 688 3227 Thoas
708 3152 804 3232 rogat
825 3140 874 3209 ire
891 3137 1084 3209 Podarcem.

95 3260 188 3332 Solus
209 3260 412 3331 Echionides
432 3273 564 3328 errante
582 3256 713 3328 silentia
733 3283 834 3326 curru

95 3387 212 3454 Moesta
233 3397 343 3466 tenet,
365 3380 561 3476 trepidaque
582 3381 677 3450 timet
696 3405 730 3448 se
750 3402 831 3448 voce
851 3379 959 3450 fateri.

141 3504 290 3574 Vixdum
307 3518 436 3598 coeptus
454 3502 549 3595 equis
567 3499 678 3584 lahor,
699 3515 732 3568 et
748 3500 818 3593 jam
837 3499 972 3594 pulvere
991 3518 1112 3595 quarto

96 3631 258 3722 Campum
276 3626 412 3708 ineunt,
427 3623 565 3717 jamque
581 3635 613 3689 et
634 3620 756 3714 tepidis
775 3621 953 3691 sudoribus
973 3637 1065 3693 artus

97 3748 223 3836 Elloeti3
242 3761 275 3816 et
294 3769 444 3816 crassum
465 3745 554 3838 rapit
572 3743 759 3837 ejectatque
777 3766 935 3835 vaporem

98 3866 323 3963 Cornipedum
345 3865 511 3936 flammata
534 3864 605 3932 sitis
627 3889 635 3930 :
659 3886 718 3930 nec
737 3861 807 3955 jain
824 3864 951 3958 integer
972 3863 1038 3936 illis

99 3993 261 4086 Impetus,
281 4001 314 4060 et
334 3985 424 4082 longi
445 3984 652 4080 suspendunt
671 3982 728 4052 ilia
746 3982 853 4053 ssatus.

147 4113 210 4180 Hic
230 4133 350 4203 anceps
368 4107 503 4176 fortuna
525 4105 581 4174 diu
601 4105 777 4175 decernere
794 4107 938 4197 primum
