2934 4950
320 415 375 490 296
609 411 863 469 ACHILLEIDOS
885 411 1000 468 LIBER
1019 413 1058 467 11.
1252 411 1380 475 (tr-41³.)

322 547 408 612 Ante
426 540 488 610 nisi
507 539 663 632 inspectis
680 537 815 606 admisit
827 537 868 606 ad
883 537 997 607 oscula
1014 537 1095 614 telis.

323 666 464 755 Jamque
483 675 516 730 et
536 659 577 728 ad
594 658 753 729 ensiferos
771 660 882 729 vicina
902 660 992 753 pube
1011 657 1173 730 tumultus

320 784 470 880 Aptabar
496 809 504 850 :
527 806 588 850 nec
612 805 665 851 me
691 778 759 849 ulla
778 780 840 850 leri
858 783 1022 851 Mavortis
1044 782 1153 879 imago

319 907 484 977 Praeteriit
506 931 513 973 :
537 902 656 989 didici,
677 927 746 997 quo
765 905 902 988 Paeones
920 929 1014 973 arma
1031 919 1159 986 rotatu,

318 1032 398 1118 Quo
418 1031 557 1096 Macetae
578 1051 637 1094 sua
658 1050 734 1120 gesa
756 1027 879 1112 citent,
898 1051 966 1120 quo
990 1026 1125 1095 turbine
1140 1042 1283 1096 orestum

319 1155 546 1235 Sauromates,
568 1146 754 1241 falcemque
769 1149 895 1236 Getes,
916 1173 1098 1241 arcumque
1121 1147 1277 1220 Gelonus

313 1271 501 1360 Tenderet,
517 1285 551 1338 et
567 1270 658 1339 ssexae
671 1267 862 1338 Balearicus
878 1284 973 1338 actor
994 1271 1132 1340 habenae

317 1396 396 1482 Quo
410 1417 570 1488 suspensa
583 1392 719 1462 trahens
734 1391 871 1461 libraret
888 1390 1026 1462 vulnera
1041 1407 1150 1476 tortu,

315 1514 488 1588 Inclusum
507 1515 639 1608 quoties
653 1513 869 1611 distringeret
884 1538 960 1583 aera
975 1539 1067 1610 gyro.

317 1639 384 1706 Vix
405 1660 588 1706 memorem
612 1651 768 1723 cunctos,
786 1638 847 1706 etsi
869 1635 971 1706 modo
991 1639 1171 1733 gessimus,
1190 1652 1307 1709 actus.

318 1761 418 1830 Nunc
435 1761 532 1828 docet
559 1760 687 1854 ingenti
706 1755 793 1827 saltu
812 1782 867 1826 me
884 1759 1027 1853 jungere
1044 1757 1171 1828 fossas:

320 1884 417 1952 Nunc
439 1896 542 1975 caput
562 1881 642 1950 aerii
663 1873 878 1949 scandentem
898 1880 1062 1975 prendere
1081 1882 1219 1969 montis,

319 2003 398 2091 Quo
416 2003 544 2097 fugitur
566 2026 626 2095 per
645 1999 744 2095 plana
761 2000 895 2096 gradu:
917 2001 1160 2106 simulacraque
1178 2029 1326 2100 pugnae,

319 2125 479 2218 Excipere
496 2123 659 2191 immissos
675 2137 815 2191 curvato
835 2123 982 2192 umbone
1001 2122 1161 2214 molares,

318 2244 549 2338 Ardentesque
569 2245 695 2314 intrare
713 2269 822 2332 casas,
843 2243 1057 2340 peditemque
1073 2245 1221 2318 volantes

321 2371 445 2436 Sistere
468 2366 696 2464 quadrijugos.
717 2369 877 2455 Memini,
894 2368 1126 2464 rapidissimus
1145 2371 1213 2440 ibat

320 2491 488 2560 Imbribus
507 2489 648 2560 assiduis
671 2506 807 2585 pastus,
828 2491 1029 2586 nivibusque
1046 2492 1161 2563 solutis

318 2613 513 2708 Sperchios,
534 2610 710 2705 vulsasque
734 2613 845 2682 trabes
860 2629 894 2682 et
911 2638 989 2682 saxa
1011 2612 1157 2701 serebat3

318 2737 435 2823 Quum
452 2759 506 2803 me
524 2732 580 2803 ille
597 2734 798 2821 immissum,
818 2759 884 2829 qua
908 2738 1025 2807 sevior
1045 2738 1186 2832 impetus
1204 2740 1333 2829 undae,

320 2860 415 2925 Stare
430 2857 527 2949 jubet
547 2872 681 2941 contra,
702 2855 916 2952 tumidosque
934 2840 1096 2954 repellere
1116 2860 1257 2948 fluctus,

319 2982 414 3069 Quos
433 2980 489 3048 vix
511 2981 580 3074 ipse
601 2980 706 3075 gradu
729 2982 828 3050 toties
850 2981 1004 3052 obstante
1025 2981 1161 3053 tulisset

320 3102 456 3171 Stabam
475 3102 645 3196 equidem,
665 3126 726 3171 nec
742 3127 796 3172 me
812 3102 978 3174 referebat
998 3106 1148 3176 concitus
1169 3110 1302 3197 amnis,

318 3228 361 3294 Et
379 3222 453 3293 latae
474 3222 582 3319 caligo
601 3225 662 3292 viae
680 3248 688 3290 ε
707 3223 799 3294 ferus
817 3223 873 3295 ille
896 3228 1017 3296 minari

319 3349 474 3439 Desuper
497 3345 712 3434 incumbens,
729 3346 907 3443 verbisque
926 3374 1046 3445 urgere
1060 3351 1235 3446 pudorem.

319 3470 391 3538 Nec
407 3469 470 3535 uisi
481 3467 593 3561 jussus
609 3467 676 3536 abii
692 3494 700 3537 ε
716 3470 765 3538 sic
780 3493 834 3538 me
849 3469 1001 3543 sublimis
1014 3468 1134 3569 agebat

319 3587 453 3673 Gloria,
469 3613 530 3658 nec
548 3587 624 3658 duri
643 3604 738 3679 tanto
757 3591 820 3661 sub
838 3607 921 3662 teste
934 3591 1074 3665 labores.
1123 3626 1126 3629 ⁴

319 3712 405 3782 Nam
422 3709 541 3805 procul
556 3710 717 3783 OEbalios
731 3713 766 3783 in
779 3713 895 3785 nubila
909 3716 1053 3787 condere
1065 3716 1173 3789 discos

319 3837 361 3903 Et
379 3832 541 3927 liquidam
562 3833 687 3903 nodare
711 3832 827 3929 palen,
844 3850 877 3906 et
899 3862 1054 3933 spargere
1072 3857 1207 3927 astus,

320 3955 434 4025 Ludus
453 3970 546 4043 erat,
571 3957 772 4050 requiesque
792 3958 875 4026 mihi
890 3984 898 4025 ι
915 3985 977 4029 nec
990 3963 1098 4055 major
1113 3965 1146 4032 in
1165 3966 1237 4034 istis

320 4077 442 4165 Sudor,
457 4076 631 4172 Apollineo
648 4102 748 4171 quam
762 4077 818 4148 fila
832 4083 984 4150 sonantia
1002 4082 1131 4177 plectro
