2934 4950
293 366 296 373 ’
383 371 421 439 as
698 343 914 422 rnummos
936 361 1046 418 umus
1068 360 1103 414 v.
1311 347 1410 414 <vau

382 496 563 583 Gentibus,
583 493 726 586 aequorei
746 489 914 560 redierunt
932 485 1053 556 vellera
1071 482 1205 577 Phryxi.

430 619 505 685 «Ut
521 629 605 684 stata
623 612 681 681 lux
698 611 834 708 pelago,
853 623 1098 700 venturumque
1112 603 1235 674 aethera
1253 601 1354 672 sensit

382 740 526 836 Tiphys,
545 751 579 806 et
597 734 727 806 occidui
746 733 888 802 rubuere
907 727 1029 800 cubilia
1046 727 1182 813 Pboebi;

350 883 358 896 ·
383 865 458 931 Heu
475 861 597 929 iterum
617 857 774 952 gemitus,
795 855 983 944 iterumque
1000 848 1180 918 novissima
1195 872 1263 918 uox
1279 863 1337 918 est

383 983 450 1050 Vix
469 991 616 1049 reserata
635 977 725 1064 dies,
744 990 779 1045 et
794 976 866 1068 jam
884 985 962 1042 rate·
976 968 1083 1040 celsus
1101 972 1201 1038 Iason

383 1106 438 1171 Ire
453 1101 566 1196 jubet,
586 1101 763 1196 primoque
782 1094 860 1165 ferit
879 1093 947 1162 dur
968 1091 1105 1162 verbere
1124 1105 1277 1185 pontum.

385 1222 463 1292 lllos
480 1247 499 1291 e
518 1220 681 1317 scopulis,
699 1233 733 1288 et
753 1242 882 1289 summo
901 1217 1024 1286 vertice
1040 1215 1183 1300 montis,

385 1347 529 1440 Spumea
543 1343 687 1437 porreeti
705 1341 898 1410 dirimentes
916 1353 1009 1433 terge
1025 1334 1184 1433 profundi
1218 1377 1225 1414 Δ,

385 1466 623 1559 Prosequimur
637 1464 728 1549 visu,
745 1461 851 1530 donec
867 1459 1001 1530 lassavit
1016 1471 1132 1527 euntes

385 1591 460 1656 Lux
478 1584 609 1672 oculos,
628 1583 831 1679 longumque
847 1580 926 1676 polo
946 1595 1123 1650 contexere
1138 1579 1208 1648 visa
1225 1593 1275 1648 est

386 1712 530 1802 AEquor,
548 1722 582 1775 et
600 1706 736 1775 extremi
755 1704 874 1800 pressit
895 1701 980 1772 fieta
1000 1702 1151 1798 margine
1171 1698 1257 1770 coeli.

436 1833 564 1897 «Fama
584 1827 673 1896 subit
691 1841 827 1922 portus,
847 1828 980 1894 vecttrnl
999 1839 1091 1893 trans
1113 1822 1180 1892 alta
1199 1822 1352 1892 Thoanta

387 1956 547 2020 Fraterna
563 1973 706 2044 regnare
723 1947 810 2018 Chio
829 1973 836 2015 :
854 1947 936 2015 mihi
954 1947 1095 2016 crimina
1112 1943 1219 2034 nulla,

387 2074 431 2140 Et
448 2094 572 2138 vacuos
591 2069 709 2138 arsisse
725 2093 826 2163 rogos
846 2093 854 2136 r
876 2067 988 2137 fremit
1007 2068 1111 2161 impia
1130 2065 1243 2162 plebes

388 2191 546 2260 Sentibus
566 2214 710 2259 accensae
729 2187 889 2278 stimulis,
910 2188 1104 2282 facinusque
1124 2203 1319 2282 reposcunt.

387 2312 598 2402 Quinetiam
615 2309 753 2380 occultae
772 2309 874 2406 vulgo
894 2309 1138 2380 increbrescere
1156 2331 1254 2378 voces
1273 2335 1282 2377 ε

387 2432 507 2503 Solane
522 2431 588 2503 fida
604 2431 694 2502 suis?
713 2457 774 2503 nos
792 2446 905 2503 autem
923 2433 959 2502 iu
976 2431 1094 2503 bruera
1111 2429 1215 2501 late?

319 2630 323 2638 ,
387 2557 465 2626 Non
479 2540 571 2624 Deus
585 2555 674 2642 haec,
689 2554 875 2648 satumque,
891 2554 982 2648 quod
996 2556 1140 2649 imperat
1152 2553 1237 2623 urbe
1250 2552 1393 2623 nefanda

349 2713 352 2722 .
435 2675 598 2745 «Talibus
611 2676 772 2745 exanimis
789 2675 886 2745 dictis
902 2675 958 2772 (et
971 2678 1065 2745 triste
1082 2666 1288 2772 propinquat

388 2793 609 2891 Supplicium,
629 2820 692 2866 nec
708 2820 811 2893 regna
824 2798 982 2893 juvant),
1000 2820 1085 2893 vaga
1103 2796 1203 2867 litora
1220 2796 1311 2867 firrto

387 2918 587 2986 lncomitata
603 2940 743 3012 sequor,
763 2918 960 3014 funestaque
977 2922 1100 2989 moenia
1116 2918 1251 3015 linquo,
1313 2979 1316 2985 .

388 3038 467 3127 Qua
482 3037 562 3133 fuga
575 3053 659 3107 ‘nota
677 3041 799 3134 patris3
817 3042 874 3111 sed
894 3067 962 3113 non
981 3044 1102 3112 iterum
1123 3044 1241 3113 obvius
1259 3047 1373 3114 man:

388 3158 476 3228 Nam
492 3184 545 3228 me
560 3160 754 3255 pmdonum
773 3188 890 3233 manus
906 3165 972 3233 huc
989 3166 1129 3262 appulsa
1146 3180 1310 3235 tacentem

387 3280 533 3373 Arripit,
551 3294 586 3348 et
602 3296 727 3351 vestras
748 3283 906 3354 famulam
924 3289 1120 3356 transmittit
1135 3289 1170 3356 in
1187 3312 1275 3357 oras
1288 3316 1306 3353 a

436 3398 530 3468 Talia
542 3403 692 3472 'lemeis
713 3405 813 3474 iterat
833 3406 912 3475 dum
933 3408 1067 3503 regibus
1086 3407 1178 3479 exsul

388 3520 557 3609 Lemnias,
577 3536 611 3590 et
629 3520 730 3619 longa
747 3527 874 3595 solatur
891 3527 1012 3597 damna
1031 3526 1184 3623 querela,
1245 3550 1248 3555 “

388 3634 747 3733 Immemorabsentis,
768 3648 815 3718 sic
836 3646 881 3716 Di
901 3650 1064 3739 suasistis,
1088 3650 1231 3742 alumni,

386 3758 448 3828 llle
466 3786 583 3855 graves
601 3764 734 3851 oculos,
751 3765 1010 3863 languentiaque
1029 3795 1088 3840 ora
1108 3754 1256 3841 comanti

386 3882 513 3977 Mergit
529 3882 650 3974 humo,
669 3886 838 3982 fessusque
855 3889 912 3958 diu
928 3890 1111 3986 puerilibus
1127 3894 1209 3963 actis

387 4001 527 4070 Labitur
547 4005 581 4071 in
602 4030 754 4093 somnos;
774 4034 894 4104 prensa
913 4036 1030 4081 manus
1044 4004 1151 4085 'haeret
1172 4015 1206 4084 iu
1226 4014 1337 4086 herba.
