2934 4950
99 442 211 504 (tato.)
416 435 628 492 THEBAIDOS
646 435 756 492 LIBER
777 436 811 488 V.
1101 432 1138 505 39

145 597 162 630 α
173 568 270 634 Tunc
285 564 431 657 primum
452 586 521 631 sese
540 560 677 655 trepidis
695 561 757 630 sub
776 575 872 630 nocte
891 560 1067 654 Thyoneus

98 688 246 772 Detexit,
264 699 345 754 nato
363 698 502 778 portans
519 698 665 752 extrema
682 683 827 751 Thoanti

97 806 268 893 Subsidia,
285 820 319 874 et
336 803 441 872 multa
460 803 589 872 subitus
607 828 684 872 cum
704 803 777 872 luce
794 799 932 872 refulsit.

98 929 231 1024 Agnovi
253 953 261 995 ε
282 951 350 994 non
369 924 424 994 ille
442 923 576 1019 quidem
594 926 762 1019 turgentia
780 925 873 994 sertis

96 1054 279 1144 Tempora,
298 1072 360 1116 nec
375 1046 461 1114 flava
477 1048 603 1114 crinem
622 1044 817 1115 distinxerat
835 1069 916 1132 uva,

97 1168 261 1254 Nubilus,
278 1167 521 1262 indignumque
538 1165 643 1236 oculis
662 1164 865 1260 liquentibus
882 1165 1022 1234 imbrem

98 1289 288 1383 Alloquitur
308 1313 317 1356 ε
339 1291 458 1356 «Dum
477 1286 545 1356 fata
563 1286 687 1357 dabant
705 1288 783 1375 tibi,
803 1301 897 1375 nate,
915 1299 1082 1381 potentem

97 1415 272 1497 lemnon,
290 1422 323 1477 et
340 1409 484 1478 externis
501 1409 600 1478 etiam
619 1431 750 1478 servare
769 1407 948 1478 timendam

99 1531 263 1602 Gentibus
274 1527 394 1617 ,haud
413 1553 561 1622 unquam
575 1530 668 1623 justo
686 1553 760 1599 mea
779 1554 860 1600 cura
877 1527 982 1598 labori

97 1652 235 1721 Destitit
253 1675 261 1718 ε
282 1648 495 1720 absciderunt
513 1651 622 1723 tristes
641 1648 788 1722 crudelia
805 1653 916 1720 Parcae

96 1773 265 1858 Stamina,
282 1795 344 1840 uec
361 1768 477 1855 dictis,
496 1769 634 1866 supplex
655 1795 730 1864 quae
750 1770 894 1867 plurima
914 1771 985 1842 sudi
1105 1868 1106 1872 Ἰ

97 1898 184 1963 Ante
201 1895 319 1964 lovem
336 1885 473 1978 lmstra,
493 1890 711 1986 lacrymisque
731 1907 880 1962 avertere
897 1892 1006 1964 luctus

98 2014 275 2108 Contigit:
294 2011 469 2080 infandum
489 2026 574 2082 nata
590 2015 752 2082 concessit
769 2015 942 2086 honorem.

98 2133 290 2205 Accelerate
308 2133 422 2229 bigam
441 2159 450 2200 z
471 2147 574 2226 tuque
591 2157 612 2202 ο
630 2158 705 2203 mea
721 2134 824 2230 digna
841 2161 1004 2232 propago,
1078 2206 1082 2222 ,

98 2261 168 2325 Hac
186 2279 281 2350 rege,
301 2256 415 2348 virgo,
432 2268 579 2348 patrem,
599 2257 722 2350 gemini
742 2281 808 2350 qua
826 2257 961 2327 brachia
980 2261 1065 2328 muri

98 2379 196 2446 Litus
213 2391 313 2461 eunt;
334 2374 407 2462 illa,
426 2399 493 2468 qua
510 2399 587 2444 rara
604 2375 753 2465 silentia,
772 2393 870 2471 porta

99 2503 173 2569 Stat
189 2498 321 2567 fimesta
338 2487 470 2585 Venus,
492 2495 648 2591 ferroque
666 2501 814 2569 accincta
833 2500 976 2571 furentes

100 2619 248 2716 Adjuvat
263 2616 379 2715 (unde
395 2617 533 2687 manus?
552 2619 641 2688 unde
658 2620 729 2687 haee
747 2623 914 2691 Mavortia
932 2624 1026 2692 Divae

100 2738 281 2837 Pectoral)
298 2765 306 2808 ε
324 2754 361 2809 tu
378 2737 446 2808 lato
465 2754 592 2833 patrem
609 2742 779 2811 committe
796 2741 994 2837 profundo(

101 2861 285 2933 Succedam
301 2862 400 2932 curis.
411 2891 428 2925 a
448 2864 569 2929 -lta
589 2860 676 2931 fatus
694 2862 729 2930 in
747 2887 823 2931 aera
840 2888 954 2933 rursus

101 2982 268 3070 Solvitur,
288 2997 322 3051 et
339 2997 508 3069 nostrum,
526 2982 617 3051 visus
636 2984 826 3053 arcentibus
846 2984 990 3071 umbris,

102 3106 194 3174 Mitis
210 3106 275 3174 iter
292 3102 399 3198 longae
418 3102 557 3171 claravit
573 3102 678 3173 limite
692 3103 846 3175 -llammsc,

149 3255 166 3289 α
177 3227 258 3314 Qua
277 3223 356 3293 data
372 3224 469 3317 signa
487 3248 629 3317 sequor:
645 3224 724 3295 dein
743 3252 845 3295 curvo
865 3228 985 3297 robore
1000 3227 1147 3299 clausum

101 3350 162 3417 Dis
181 3344 312 3441 pelagi,
330 3346 519 3437 ventisque,
537 3359 571 3413 et
590 3344 753 3439 Cycladas
771 3350 919 3443 AEgaeoni

102 3467 283 3564 Amplexo,
303 3466 501 3536 commendo
521 3482 650 3560 patrem
671 3492 679 3535 ε
701 3493 763 3538 nec
781 3470 912 3539 ssetibus
931 3496 1077 3565 unquam

102 3593 151 3662 Sit
171 3587 293 3659 modus
310 3585 464 3678 alternis,
483 3589 519 3657 ni
534 3590 607 3681 jam
624 3588 770 3659 dimittat
786 3594 858 3660 Eoo

103 3712 237 3782 Lucifer
256 3726 344 3779 astra
361 3709 468 3804 polo:
487 3723 560 3780 tum
578 3709 714 3779 demum
733 3710 831 3783 litore
848 3738 950 3783 rauco

105 3831 213 3901 llulta
230 3846 321 3901 metu
339 3846 515 3926 reputans,
536 3847 570 3901 et
589 3834 644 3901 vix
661 3832 786 3902 confisa
804 3838 904 3929 Lyaeo

93 3953 263 4043 ‚Dividor,
281 3954 354 4048 ipsa
369 3953 476 4048 gradu
495 3955 619 4042 nitens,
636 3953 692 4023 sed
710 3970 744 4024 et
761 3957 858 4026 anxia
875 3973 963 4026 retro

106 4076 259 4160 Pectora,
281 4099 341 4143 nec
359 4077 505 4168 requies,
523 4077 605 4169 quin
623 4091 659 4145 et
675 4080 846 4172 surgentia
865 4077 948 4147 coelo
