2934 4950
184 1393 191 1425 l

358 317 395 428 ar,
676 357 888 418 ramamos
910 359 1020 416 aman
1039 361 1074 416 v.
1281 362 1313 426 (a.
1326 366 1384 426 aa)

357 489 486 575 Dicite,
506 485 556 557 vel
573 487 680 580 justos
697 487 792 580 cujus
809 485 972 579 pulsantia
990 509 1118 556 menses

358 612 446 679 Vota
460 604 612 677 tumenti
628 631 694 701 qna
709 631 791 701 pace
809 605 894 676 feras
910 606 1127 700 volucresque
1140 609 1252 703 jugari

356 731 432 798 Mos
447 727 552 796 datus.
569 729 647 797 Heu
661 723 793 822 segnes!
810 729 963 823 potuitne
980 725 1111 797 ultricia
1129 731 1242 798 Graiis

356 848 551 942 Virginibus
571 846 653 917 dare
668 846 734 917 tela
751 863 861 941 pater,
882 845 1040 941 laetusque
1059 847 1230 935 dolorum,

356 970 524 1063 Sanguine
540 992 673 1038 securos
685 969 849 1060 juvenum
866 967 1064 1062 perfundere
1081 973 1238 1042 somnos?

355 1092 400 1160 At
415 1114 475 1158 nos
489 1087 609 1183 vulgus
625 1089 714 1158 iners
730 1113 739 1156 :
758 1086 848 1180 quod
864 1089 891 1156 si
907 1075 1120 1182 propioribus
1137 1095 1218 1161 actis

356 1213 416 1284 Est
429 1233 530 1302 opus,
543 1233 618 1278 ecce
630 1210 758 1278 animos
773 1207 890 1276 doceat
902 1208 1099 1302 Rhodopeia
1113 1211 1252 1304 conjux,

352 1306 438 1419 ssUlta
458 1353 559 1396 manu
580 1326 758 1414 thalamos,
780 1329 968 1422 pariterque
987 1307 1119 1422 epulata
1139 1333 1270 1402 marito.

356 1451 428 1519 Nec
446 1473 505 1517 vos
524 1449 679 1518 immunis
699 1445 881 1536 scelerum,
901 1473 1057 1520 securave
1075 1475 1168 1546 cogo.

357 1568 458 1639 Plena
476 1569 557 1637 mihi
579 1568 714 1653 domm,
733 1581 833 1661 atque
851 1569 983 1662 ingens,
1003 1595 1045 1638 en
1063 1574 1206 1662 cernite,
1226 1573 1334 1645 sudor.

352 1658 513 1782 'Quatuor
529 1689 590 1757 hos
608 1713 693 1775 nna,
711 1686 814 1755 decus
833 1702 867 1756 et
886 1687 1002 1756 solatia
1022 1692 1143 1783 patris,

358 1813 399 1880 In
419 1810 544 1904 gremio
563 1807 663 1902 (licet
680 1805 833 1900 amplexu
852 1805 1071 1903 lacrymisque
1090 1812 1285 1906 morentur)

358 1929 595 2024 Transadigam
613 1927 720 2014 ferro,
741 1931 931 2025 saniemque
954 1948 988 2002 et
1002 1935 1127 2006 viscera
1144 1932 1287 2008 fratrum

358 2052 524 2137 Miscebo,
545 2063 739 2147 patremque
759 2075 858 2146 super
878 2051 1080 2146 spirantibus
1098 2054 1229 2124 addam.

359 2177 474 2267 Ecqua
494 2153 597 2242 tot'in
616 2171 719 2242 caedes
740 2174 887 2242 animum
908 2174 1122 2267 promittitis
1135 2177 1331 2273 -Agebat

358 2293 514 2363 Pluribus
536 2319 545 2362 τ
567 2292 705 2363 adverso
724 2292 898 2363 nituerunt
916 2295 991 2364 vela
1008 2296 1186 2391 profundo.

359 2416 498 2485 Lemnia
516 2411 627 2483 classis
646 2428 719 2483 erat
740 2439 748 2483 :
768 2417 881 2508 rapuit
899 2418 1011 2511 gavisa
1028 2415 1152 2511 Polyxo

360 2541 558 2622 Fortunam,
571 2549 670 2628 atque
687 2536 787 2605 iterat
803 2561 873 2604 :—-·
882 2564 898 2601 a
906 2537 1085 2630 Superisne
1098 2538 1297 2609 vocantibus
1312 2537 1387 2609 ultro

359 2653 548 2725 Desumns?
566 2680 643 2725 ecce
660 2670 766 2741 rates,
784 2658 876 2726 Deus
893 2656 973 2745 hos,
992 2662 1084 2727 Deus
1103 2657 1192 2727 ultor
1210 2662 1245 2728 in
1264 2660 1329 2731 iras

344 2769 542 2870 JApportat,
562 2776 742 2870 coeptisque
764 2776 853 2845 favet
873 2802 880 2844 :
902 2802 963 2847 nec
981 2778 1091 2873 imago
1110 2780 1231 2873 quietis

360 2904 458 2972 Vana
476 2927 554 2970 mesa
573 2927 581 2968 ι
602 2900 694 2969 nudo
714 2902 823 2970 stabat
842 2906 956 2971 Venus
974 2926 1068 2990 ense,
1091 2903 1197 2972 videri

362 3022 461 3093 Clara
479 3022 578 3107 mihi,
598 3045 797 3115 somnosque
815 3046 925 3116 super.
947 3022 1040 3111 Quid
1060 3023 1199 3117 perditis
1217 3024 1345 3095 aevum?

361 3146 475 3237 lnquit
495 3171 503 3211 :
524 3166 585 3238 age
604 3145 726 3211 aversis
747 3140 908 3211 thalamos
928 3159 1067 3238 purgate
1085 3146 1222 3213 maritis.

361 3267 438 3357 Ipsa
456 3263 541 3333 sacas
559 3262 658 3350 alias,
679 3260 882 3355 melioraque
900 3260 1025 3333 foedera
1039 3264 1189 3358 jungam.

361 3385 454 3452 Dixit
475 3409 483 3452 :
505 3398 537 3452 et
557 3386 621 3453 hoc
640 3383 764 3452 semum
783 3378 910 3469 stlatis,
929 3384 1011 3471 hoc,
1032 3383 1173 3471 credita,
1193 3384 1319 3457 ferrum

363 3504 552 3599 Imposuit:
572 3505 655 3596 quin
672 3529 694 3573 o
711 3504 857 3592 miserae,
877 3503 957 3573 dum
976 3518 1107 3599 tempus
1126 3508 1196 3601 agit
1212 3530 1302 3594 rem,

363 3624 534 3696 Consulite
554 3651 562 3693 :
583 3650 626 3694 en
645 3623 762 3695 validis
780 3640 936 3719 spumant
953 3650 1066 3697 eversa
1084 3625 1215 3697 lacertis

364 3748 508 3839 AEquora
527 3772 536 3814 t
556 3744 741 3815 Bistonides
759 3746 895 3815 veniunt
912 3745 1051 3817 fortasse
1071 3747 1207 3817 maritae.
1221 3777 1239 3812 s

411 3896 428 3930 a
441 3868 527 3935 Hinc
545 3865 670 3936 stimuli
688 3868 854 3961 ingentes,
874 3892 1079 3961 magnusque
1102 3867 1291 3939 advolvitur
1309 3866 1391 3937 astris

362 3990 497 4062 Clamor
516 4017 524 4059 :
550 3992 727 4061 Amazonio
747 3990 915 4087 Scythiam
935 3989 1063 4060 fervere
1082 3991 1245 4081 tumultu,
