2934 4950
422 425 582 482 nostru
602 426 841 486 nutantum.
1123 429 1153 504 ἢ]

108 569 188 642 test,
206 576 391 648 oppressus
403 575 472 620 non
490 549 609 618 finivit.
627 554 821 621 Extremum
833 553 909 622 vita
926 567 1056 647 tempus
1067 555 1156 626 Neu·

108 675 174 770 poli
191 675 373 768 transegit,
391 671 576 760 fastiditus,
590 687 629 741 ut
647 671 791 761 videtur,
811 697 870 768 spe
888 672 989 769 longa
1006 689 1040 744 et
1062 676 1157 746 irrita

107 813 238 883 tamen,
264 793 482 866 emendanda
504 819 564 888 per
589 794 705 888 pooein
735 820 847 866 rerum
872 821 1009 866 suarum
1041 797 1156 870 condi·

108 920 227 1004 tionis;
259 913 454 1010 compulsus
479 913 617 984 sortasse
643 915 744 984 etiam
772 914 888 986 dolore
912 918 1040 991 amissos
1067 922 1156 996 illius

108 1041 256 1108 victoriae
282 1033 481 1130 capitolina.
508 1037 604 1104 Uxor
627 1060 704 1104 eum
726 1037 760 1104 in
782 1035 874 1106 illum
901 1059 1062 1112 sucessum
1086 1069 1155 1114 non

107 1174 228 1253 sponte
237 1157 440 1250 sequebatur
456 1155 553 1250 (Silo.
574 1179 629 1243 ut,
648 1153 694 1250 5).
710 1159 896 1232 Domitiani
910 1187 985 1256 quae
994 1165 1155 1234 excedant

108 1295 255 1366 etatem,
274 1280 308 1346 in
322 1279 420 1348 Statii
432 1277 636 1347 carminibus
655 1303 724 1350 non
739 1284 952 1377 reperiuntur
968 1299 1155 1380 temporum

108 1399 154 1470 vel
172 1424 291 1470 rerum
309 1397 576 1469 memorabilium
590 1402 777 1472 mentiones
794 1428 803 1470 ι
821 1427 903 1472 nuru
921 1429 1000 1474 vcro
1011 1431 1052 1476 cx
1067 1431 1107 1476 aa
1119 1433 1158 1478 re

107 1519 358 1615 conjiciendum
377 1520 436 1607 sit,
454 1543 530 1590 eum
548 1533 625 1594 ante
644 1523 876 1592 Domitianum
890 1523 1027 1613 obiisse,
1050 1524 1155 1597 lubri⁴

108 1667 183 1710 cum
202 1641 352 1710 Webero
371 1641 480 1710 visum
501 1653 551 1710 est
566 1639 651 1710 velle
667 1641 854 1714 decernere.
877 1649 1032 1716 Attamen
1050 1671 1155 1740 quum

108 1762 256 1832 dubitari
281 1762 335 1830 vix
359 1763 482 1856 possit,
499 1764 582 1856 quin
605 1778 752 1834 extrema
775 1767 873 1836 Statii
898 1768 1022 1860 scripta
1049 1771 1155 1862 possi·

107 1884 245 1956 duamur
270 1885 403 1972 omnia,
421 1909 491 1954 non
511 1897 560 1954 cst
582 1909 643 1956 cur
661 1886 857 1980 repudietur
873 1888 966 1980 quod
988 1888 1157 1960 indccffe·

108 2021 227 2076 cerunt
243 2004 403 2075 Bartltius
420 2005 548 2100 (Nottg,
568 2031 601 2102 p.
623 2003 709 2100 366)
723 2022 757 2076 et
775 2007 982 2097 Dodwellus,
998 2011 1054 2079 lib.
1075 2013 1154 2099 cit,

108 2153 178 2224 cap.
192 2131 254 2224 47,
268 2127 468 2224 assentiente
484 2126 683 2198 Marlslnudo
699 2127 744 2198 ad
760 2130 840 2200 sus.
856 2155 919 2218 tu,
941 2127 978 2219 5,
998 2157 1042 2204 aa
1055 2185 1065 2219 ,
1078 2159 1156 2228 poc·

110 2265 173 2318 tam
191 2249 335 2342 triginta
355 2248 504 2341 quinque
522 2273 688 2318 annorum
706 2261 852 2338 atatem,
878 2250 930 2320 vel
945 2277 1026 2322 ann.
1048 2250 1098 2349 96
1120 2279 1153 2350 p.
1263 2349 1268 2358 Ι

111 2370 186 2440 Chr.
209 2395 268 2452 n.,
291 2366 343 2436 vel
360 2369 474 2462 paucis
494 2382 624 2440 tantum
642 2370 828 2459 mensibus,
850 2369 902 2440 vcl
921 2373 1061 2443 omuino
1086 2398 1155 2442 non

111 2518 176 2562 csse
193 2507 451 2584 transgressum.
1119 2476 1124 2481 ⁸

599 2640 615 2706 ς
635 2638 673 2694 tt

508 2860 759 2931 CARMINA.

158 3096 284 3169 Statius
304 3120 345 3165 eo
359 3110 508 3190 tempore
518 3096 616 3184 vixit,
639 3120 706 3189 quo
724 3096 834 3189 poesis
846 3092 1065 3165 romanasets
1082 3118 1154 3165 om·

118 3220 163 3287 nis
188 3220 224 3288 in
252 3218 510 3287 ostentationem
535 3217 673 3285 abierat
705 3219 748 3285 Iu
777 3216 1024 3310 antiquioribus
1052 3216 1156 3309 igitur

117 3342 215 3431 poetis
243 3342 272 3408 si
296 3353 386 3407 recte
412 3339 573 3432 quaritur
593 3340 727 3407 nativus
749 3336 853 3425 color,
881 3336 1063 3408 affectuum
1085 3338 1158 3407 sine

118 3457 188 3529 suco
198 3484 353 3555 expressa
372 3460 493 3528 veritas
509 3474 542 3529 et
558 3482 715 3528 sensuum
729 3460 876 3552 ingenua
896 3456 1107 3553 simplicitas,
1122 3457 1158 3527 iu

117 3582 216 3651 Statio
235 3582 374 3675 ejusque
388 3578 572 3672 equalibus
584 3579 620 3648 id
635 3578 844 3649 solummodo
861 3577 1081 3673 spectandum
1092 3591 1157 3663 est,

117 3726 180 3793 quo
195 3726 350 3773 successu
375 3726 491 3771 aarum
509 3725 624 3771 rerum
643 3702 785 3795 speciem
801 3698 948 3793 aliquam
965 3698 1030 3768 sibi
1045 3696 1158 3767 vulue-

118 3822 184 3890 rint
196 3822 351 3913 induere,
365 3837 400 3895 ut
419 3846 463 3891 an
478 3821 634 3891 dictionis
654 3819 706 3891 vel
728 3820 894 3915 elegantia
909 3816 961 3888 vel
976 3817 1158 3888 luminibus

118 3946 258 4015 naviter
270 3944 429 4016 lectorem
445 3940 572 4014 fallant.
591 3944 702 4037 Atque
718 3942 820 4037 hujus
838 3942 919 4012 artis
936 3954 1063 4010 tantam
1084 3962 1159 4033 per-

121 4060 289 4137 fectionem
303 4081 334 4136 et
350 4068 471 4136 innato
489 4065 623 4159 ingenio
642 4080 676 4135 ct
693 4064 904 4133 institutione
919 4075 1057 4157 paterna
1069 4080 1160 4127 exer·
