2934 4950
263 410 305 464 tlt
327 410 356 462 P.
379 408 408 462 P.
432 405 557 462 sumt
579 404 688 462 Tltua.
711 405 781 460 LlB.
806 404 883 460 Vlll.
1046 404 1102 480 319

31 529 200 586 :Omnino
214 526 398 584 scribendum
414 543 479 580 cum
501 524 621 594 nostris,
637 520 848 597 Lindeubrogii
866 519 972 597 [Dau.},
991 523 1104 579 Behotii

30 624 117 679 libris
138 643 147 677 :
172 622 330 676 insessos.»

76 721 179 774 Arma
195 716 326 790 veiosque
340 711 378 789 (v.
394 708 477 788 746).
497 709 580 780 Quid
597 709 644 766 hic
661 708 760 764 arma?
774 709 968 767 Scribeudma
986 709 1104 766 Barthio

33 823 184 882 auctora,
206 827 272 866 cum
285 805 452 864 melioribus
470 803 567 874 libris,
590 821 669 858 arva.
684 830 726 845 ·-·
739 798 873 860 Secamd‘o
895 802 1000 859 abhinc
1017 821 1104 860 versu

34 909 92 962 ΜΒ
116 916 147 961 et
166 905 333 980 glossator:
352 899 514 956 «exhausto
530 894 645 952 turbine
659 896 757 952 lessus.
775 922 788 947 υ

78 1000 227 1056 Menalas
241 993 279 1074 (v.
291 991 369 1071 755).
385 989 520 1066 «Optimi
534 989 646 1064 quique
657 987 698 1067 [et
711 989 858 1046 Barthiani
867 1001 896 1045 et
910 990 995 1046 Lind.
1006 1007 1103 1046 omnen

36 1111 106 1149 cum
128 1111 148 1149 a
169 1087 277 1168 Regg.]
299 1087 429 1163 prebent
451 1086 621 1151 Menalcas,
646 1101 707 1159 qao
721 1084 839 1140 nomine
852 1084 944 1141 utitur
965 1085 1105 1154 Ovidius,

38 1189 191 1252 Metam,
212 1179 487 1254 v,128;sxu,306.
509 1176 556 1234 stc
578 1188 606 1232 et
629 1177 806 1248 isvoeatus,
825 1194 919 1254 aquo
944 1179 976 1233 in
996 1179 1105 1234 Euboea

39 1287 172 1348 Μεναληῒς
186 1277 309 1334 Ertaia.
327 1300 338 1326 a
355 1277 453 1330 Gron.

82 1375 213 1449 Popula
227 1369 265 1452 (v.
283 1366 362 1447 775).
376 1369 529 1442 Perperam
542 1367 650 1441 probat
666 1365 812 1422 Bentleias
830 1365 868 1421 ad
882 1367 983 1422 Horat.
997 1365 1104 1439 Epist,

41 1489 69 1536 1,
85 1470 114 1538 6,
132 1466 184 1540 59,
202 1465 356 1522 lectionem
371 1461 437 1518 cod.
454 1479 470 1516 e
485 1462 556 1516 Coll.
571 1460 747 1516 Emmanuel.
762 1475 770 1513 t
785 1459 906 1535 campis.
916 1459 959 1514 cf.
974 1473 1051 1531 sup,
1065 1477 1106 1527 ιν,

44 1563 263 1633 t82,etv111,
282 1555 397 1629 15,uhi
412 1556 491 1610 Lact.
511 1573 518 1608 τ
538 1553 659 1627 «Elysii
672 1571 728 1628 pro
750 1552 795 1609 nis
817 1554 870 1628 qui
886 1553 919 1607 in
937 1551 1033 1628 Elysio
1052 1545 1106 1607 ha-

43 1657 147 1711 bilinl.
164 1679 177 1706 a

85 1749 186 1820 Quum
204 1744 272 1817 jam
294 1745 434 1800 damnata
453 1741 490 1818 (v.
507 1757 563 1816 79²
578 1737 643 1819 sq.).
658 1764 671 1792 ι
685 1740 761 1814 Quia
777 1738 879 1794 navita
891 1753 985 1814 quma
997 1740 1107 1795 stellam

45 1843 164 1897 Helenae
177 1839 317 1896 viderunt
330 1837 407 1915 (qua
422 1835 531 1893 Urania
546 1833 652 1890 dicitur
672 1853 680 1888 τ
701 1833 785 1906 eujus
798 1843 876 1888 tanta
890 1831 933 1886 vis
947 1842 989 1887 est
1007 1831 1108 1888 meeu—

45 1935 101 2006 dii,
115 1945 152 1990 ut
169 1935 282 1990 malum
294 1942 325 1989 et
336 1931 417 1988 navis
436 1929 491 1985 ima
504 1927 675 2003 perfundat,
692 1937 744 1998 ut,
763 1925 874 1982 etiamsi
885 1943 923 1980 aa
934 1924 1036 2001 faerit,
1051 1926 1107 1982 hoc

48 2031 144 2085 calore
159 2023 323 2107 solvatur):
340 2045 409 2103 ergo
427 2025 450 2081 si
459 2025 518 2080 haec
536 2024 618 2079 stella
631 2019 699 2078 navi
707 2020 860 2091 insederit,
873 2019 968 2075 sciant
981 2017 1109 2095 {sei'uient

48 2125 111 2196 cod.
128 2123 208 2201 Pan]
223 2141 252 2179 se
276 2119 378 2178 navita
397 2119 458 2176 sine
473 2117 565 2174 dubio
586 2115 749 2191 perituroa;
771 2123 889 2170 econtra
903 2114 1055 2168 Castorum
1069 2114 1109 2168 si-

49 2217 115 2274 dora
124 2229 196 2275 sunt
205 2216 408 2294 navigantibus
425 2212 592 2270 salutaria.»
607 2211 693 2266 Lacr.
711 2227 726 2265 e
741 2208 808 2264 cod.
822 2207 935 2265 emend.
951 2211 986 2262 V.
1005 2210 1108 2276 Pam,

50 2313 84 2365 H.
99 2313 138 2368 N.
145 2351 155 2380 ,
174 2331 220 2382 ιι,
242 2311 290 2380 37,
303 2327 330 2366 e.
348 2309 495 2382 interpp,
509 2317 538 2361 et
557 2303 611 2360 alia
625 2321 671 2377 ap.
691 2301 789 2358 Barth.
829 2323 833 2331 ·

91 2406 305 2479 Hor-tantaeque
317 2403 429 2478 gradus
443 2397 482 2479 (v.
499 2397 577 2477 798).
595 2398 631 2452 Iu
649 2397 704 2451 ΜΒ
718 2395 773 2450 tuit
790 2413 798 2449 ε
817 2392 977 2465 Obfinnant
987 2392 1107 2465 pedem,

51 2509 116 2570 post
132 2516 258 2554 erasum.
962 2496 966 2505 ·

423 2588 467 2644 IN
489 2585 640 2643 LIBRUM
661 2583 743 2638 vnl.

92 2766 237 2840 Infinbre
254 2764 389 2821 tamaro
403 2760 441 2842 (v.
464 2758 520 2837 15).
541 2757 627 2814 Multi
641 2754 726 2811 codd.
744 2774 750 2807 ι
767 2749 1109 2807 memoratarum.»

95 2859 282 2933 latescerent
297 2859 411 2913 animas
429 2854 467 2935 (r.
484 2852 543 2932 ιδ).
557 2854 752 2923 Quocumque
763 2857 795 2902 te
813 2856 921 2914 vertat,
941 2862 1002 2898 nen
1020 2853 1109 2917 pote-

58 2954 92 3009 ris
113 2953 270 3013 conciliare
292 2953 351 3007 haec
372 2968 438 3007 eum
455 2967 536 3024 seqq.
558 2966 565 3001 z
589 2956 618 3001 et
639 2943 740 2998 eodem
755 2940 864 3015 pollice
883 2939 1030 2992 damnant.
1054 2934 1110 2990 Sed

58 3046 163 3105 Barthii
179 3064 280 3105 omncs
297 3056 325 3101 et
344 3055 508 3101 ceterorum
527 3039 610 3096 MSS.
625 3052 693 3111 pars
712 3033 806 3105 major
829 3048 895 3087 cam
916 3030 995 3084 Lact.
1020 3024 1057 3103 (v.
1073 3028 1111 3083 ad

60 3159 84 3194 v.
99 3139 172 3221 92):
193 3142 292 3197 «Fata
305 3150 401 3196 serunt
413 3137 534 3205 animas,
550 3158 562 3183 n
579 3150 604 3189 c.
617 3132 697 3187 bona
708 3136 779 3185 uota
793 3123 957 3201 glossatoris
972 3142 979 3177 :
994 3121 1051 3177 «id
1069 3132 1111 3177 est

60 3233 193 3292 emittunt
206 3232 244 3290 ad
255 3228 412 3289 habitanda
421 3248 474 3306 per
488 3228 590 3284 orbam
604 3238 744 3299 corpora3
754 3245 768 3271 n
783 3218 863 3276 addit
872 3216 909 3273 de
923 3234 987 3290 sqq.
997 3216 1111 3270 Barth:

62 3350 72 3374 ·
87 3338 114 3382 et
129 3331 234 3404 eodem
249 3328 351 3384 ordine
364 3324 436 3404 [sive
448 3323 547 3398 potius
567 3314 693 3394 decreto]
710 3309 884 3390 corporibus
896 3326 995 3366 rursus
1009 3310 1111 3383 expela

61 3419 129 3478 lunt.
139 3448 152 3475 ι
166 3425 245 3482 Nota
263 3432 330 3479 sunt
347 3418 462 3496 pollicis
475 3414 581 3472 indicia
597 3412 630 3470 'in
643 3410 749 3487 pugnis
763 3407 966 3485 gladiatorum.

104 3518 198 3574 Vincit
215 3536 288 3592 opas
302 3514 340 3594 (v.
358 3510 418 3592 27).
433 3512 528 3584 Maius
550 3510 601 3566 eat'
612 3524 670 3582 pro
688 3518 749 3561 ano
770 3501 907 3569 Plutone;
928 3496 1028 3571 fatigat
1046 3512 1111 3550 eum

63 3608 275 3669 advenientium
292 3607 476 3665 multitudo:
499 3604 589 3679 quare
609 3598 757 3673 adjutores
777 3595 804 3652 ei
822 3591 923 3651 additi.
945 3588 992 3646 Ad
1011 3591 1113 3645 Parcas

65 3722 127 3759 tum
138 3704 290 3763 Lactantio
306 3704 412 3760 referre
428 3699 497 3756 noli.
1004 3725 1008 3734 ·

105 3798 173 3855 Otia
187 3797 336 3876 moesta(v.
353 3792 412 3875 44).
426 3794 482 3849 ΜΒ
497 3812 504 3847 :
521 3800 661 3854 moesaem,
681 3799 835 3859 perperam
847 3780 996 3854 praelatam
1009 3792 1026 3830 a
1039 3774 1114 3830 Bar-

66 3891 132 3948 thio.
146 3928 187 3937 -
196 3897 231 3951 V.
242 3910 302 3967 seq.
316 3887 450 3946 nonnulli
464 3885 549 3943 codd.
562 3904 568 3938 :
580 3906 591 3932 a
602 3878 791 3955 implacitata,
800 3900 813 3926 ι»
827 3872 908 3949 quod
923 3871 989 3926 fort.
1004 3886 1113 3924 rerum.

106 3986 239 4044 Pandam
251 3987 349 4043 omnia
366 4001 455 4059 regna
469 3980 507 4055 (v.
528 3974 586 4056 46).
600 3974 636 4031 ld
656 3983 698 4029 est
715 3970 816 4047 pervia
830 3965 946 4034 faciam,
965 3978 1115 4017 removens

70 4081 145 4149 quod
158 4094 200 4139 est
214 4081 289 4137 iuter
303 4096 405 4153 supera
425 4087 453 4132 et
468 4074 557 4129 infera
580 4068 741 4125 discrimen.
763 4066 817 4119 ΜΒ
838 4082 845 4116 :
868 4057 1004 4127 «intima,
1019 4079 1031 4104 n
1052 4073 1116 4131 quae
