2934 4950
301 457 359 496 aao
603 438 820 495 Tututtuos
841 438 952 494 LIBER
975 438 1028 492 Ill.
1253 439 1350 501 (eat)

285 565 470 659 ⁴Fluctibus
490 566 594 635 Ioniis
614 565 765 636 Calabrae
786 565 884 634 datus
904 565 1031 634 arbiter
1054 562 1147 649 alno,

297 687 370 758 Nec
387 685 480 756 rudis
497 685 681 775 undarum,
700 702 819 781 portus
837 685 895 755 sed
914 684 1066 779 linquere
1082 686 1204 754 amicos

297 808 418 877 Purior
435 805 550 876 Olenii
569 807 693 915 frustra
710 808 834 903 gradus
856 805 991 901 impulit
1006 809 1109 894 asuri,

296 932 413 1019 Quum
434 928 547 1024 fragor
563 929 705 1024 hyberni
720 930 850 999 subitus
867 929 1108 1016 Jovis,omnia
1124 929 1241 999 mundi

296 1048 452 1121 Claustra
472 1063 610 1135 tonant,
629 1047 821 1143 multusque
841 1049 936 1145 polos
954 1047 1093 1120 inclinat
1111 1051 1234 1136 Orion;

296 1173 372 1266 Ipse
391 1170 527 1264 quidem
546 1169 660 1239 mallet
679 1186 803 1254 terras,
824 1186 1019 1267 pugnatque
1039 1171 1180 1258 reverti,

296 1294 375 1361 Fert
390 1293 508 1388 ingens
526 1315 547 1361 a
565 1316 679 1387 puppe
699 1291 809 1361 Notus
827 1317 834 1358 ι
853 1306 934 1361 tunc
953 1307 1023 1362 arte
1040 1289 1156 1360 relicta

297 1413 460 1507 Ingemit,
476 1425 510 1481 et
524 1437 627 1482 caecas
646 1413 798 1506 sequitur
811 1413 881 1506 jam
898 1414 1030 1482 nescius
1049 1412 1164 1481 undas.

261 1558 268 1571 ·
294 1530 384 1605 Talis
403 1536 598 1628 Agenoreus
617 1534 752 1621 ductor,
772 1531 921 1628 coeloque
937 1548 1122 1604 morantem
1150 1577 1153 1586 ·

296 1653 508 1744 Luciferum,
525 1670 560 1725 et
579 1679 671 1724 seros
688 1647 907 1724 moerentibus
925 1657 1076 1750 increpat
1096 1671 1200 1726 ortus.

346 1778 433 1844 Ecce
452 1777 515 1861 sub
535 1773 691 1845 occiduas
708 1799 812 1862 versae
827 1776 897 1870 jam
915 1777 1024 1844 noctis
1043 1777 1204 1867 habenas,

294 1901 539 1990 Astrorumque
555 1897 688 1986 obitus,
706 1897 765 1966 ubi
782 1897 929 1992 primum
946 1898 1087 1966 maxima
1108 1897 1231 1992 Tethys

296 2015 439 2114 Impulit
456 2022 528 2088 Eoo
543 2031 757 2088 cunctantem
778 2021 971 2112 Hyperiona
987 2035 1112 2114 ponto,

296 2134 368 2209 Ima
388 2136 579 2233 flagellatis,
596 2141 729 2234 signum
749 2137 892 2235 lugubre
909 2138 1096 2228 malorum,
1153 2177 1157 2185 ·

293 2260 506 2330 Ponderibus
525 2259 706 2354 trepidavit
720 2259 864 2346 huntus,
886 2276 1063 2355 motusque
1083 2261 1254 2332 Cithaeron

293 2381 458 2476 Antiquae
477 2379 570 2449 dedit
587 2381 635 2450 ire
651 2383 767 2450 nives:
787 2394 867 2450 tunc
883 2382 953 2451 visa
970 2379 1074 2450 levari

292 2501 469 2592 Culmina,
486 2517 696 2598 septenaeque
708 2503 793 2599 jugo
813 2527 1014 2573 concurrere
1031 2518 1145 2598 portae.

341 2629 385 2695 Et
403 2650 509 2722 prope
526 2640 605 2694 sunt
624 2649 730 2695 cause
748 2651 755 2693 τ
775 2623 885 2719 gelido
904 2626 1075 2695 remeabat
1092 2628 1164 2697 Eoo

294 2751 405 2818 Iratus
422 2740 518 2838 latis,
536 2762 571 2816 et
593 2749 696 2816 tristis
714 2761 823 2816 morte
840 2762 960 2843 negata
1013 2786 1032 2801 -·

294 2866 526 2939 Haemonides:
538 2892 600 2935 nec
618 2867 701 2935 dum
720 2891 781 2936 ora
798 2881 932 2961 patent,
952 2868 1140 2963 dubiusque
1160 2870 1270 2944 notari

293 2987 396 3083 Signa
416 2986 519 3057 dabat
537 3012 666 3083 magnae
686 2986 785 3083 longe
804 2988 979 3058 manifesta
1000 2992 1135 3077 ruinae,

293 3105 499 3201 Planctuque
515 3122 549 3177 et
564 3108 712 3203 gemitu:
727 3105 888 3201 lacrymas
907 3134 985 3179 nem
1002 3113 1156 3205 protinus
1176 3136 1290 3187 omues

294 3228 440 3299 Fuderat
457 3228 574 3299 :haud
589 3228 686 3299 aliter
705 3229 793 3299 saltu
814 3230 998 3302 devertitur
1015 3232 1117 3303 orbus

292 3354 411 3421 Pastor
429 3351 471 3420 ab
490 3366 660 3446 agrestum
677 3365 840 3421 nocturna
857 3366 968 3447 strage
985 3351 1160 3447 luporum,

292 3472 397 3564 Cujus
414 3469 521 3542 herile
536 3496 639 3566 pecus
658 3471 749 3573 silvis
767 3474 923 3567 inopinus
941 3474 1056 3567 abegit,

291 3592 418 3679 Imber,
438 3605 473 3661 et
501 3593 647 3664 hibemae
664 3607 803 3663 ventosa
816 3594 989 3679 cacumina
1007 3595 1106 3663 lunae.

290 3716 384 3783 Luce
405 3727 521 3807 patent
539 3711 644 3783 credes
659 3712 827 3782 :domino
843 3712 991 3807 perferre
1011 3726 1160 3793 recentes

290 3836 367 3927 Ipse
384 3833 479 3902 timet
496 3858 610 3917 casus,
630 3833 817 3929 haustaque
836 3831 988 3933 informis
1003 3828 1104 3903 ariana

290 3954 475 4043 Questibus
496 3953 612 4048 implet
632 3980 748 4050 agros,
770 3954 959 4049 stabulique
980 3954 1108 4025 silentia
1129 3962 1241 4053 magui

290 4072 389 4162 Odit,
404 4090 441 4156 et
459 4076 596 4145 amissos
613 4074 715 4171 longo
734 4077 801 4147 ciet
816 4077 935 4147 ordine
952 4092 1074 4147 tauros.
