2934 4950
401 794 458 896 P.
488 795 545 895 P.
585 791 833 896 STATII

276 1115 1013 1374 stimuum

499 1501 673 1588 LIBER
704 1503 738 1588 1.

572 1831 673 1848 a*

453 2095 519 2162 AD
544 2095 774 2163 STELLAM
881 2117 886 2125 ·

98 2341 195 2468 Dm
212 2392 426 2489 multumque
441 2391 607 2481 dubitavi,
624 2391 724 2462 Stella
743 2394 875 2489 juvenis
897 2396 1039 2490 optime,
1057 2407 1090 2462 et
1105 2395 1139 2462 in

99 2515 210 2584 studiis
235 2517 357 2584 nostris
378 2516 635 2583 eminentissime
654 2539 720 2608 qua
739 2528 833 2610 parte
850 2514 1004 2600 voluisti,
1021 2538 1064 2583 an
1080 2514 1140 2583 hos

99 2630 238 2722 libellos,
255 2635 313 2728 qui
327 2634 410 2702 mihi
427 2634 537 2702 subito
553 2632 663 2702 calore
679 2649 712 2703 et
730 2632 875 2727 quadam
892 2633 1069 2703 festinandi
1084 2658 1137 2701 vo

100 2750 222 2847 luptete
247 2752 428 2841 fluxerant,
453 2778 557 2847 quum
584 2752 705 2849 singuli
732 2753 774 2823 de
799 2749 875 2823 sinu
903 2778 978 2822 meo
1001 2753 1136 2846 prodiis-

100 2887 184 2963 sent,
208 2887 431 2968 congregatos
455 2848 760 2967 ipse-dimitterem.
783 2873 877 2965 Quid
895 2875 1140 2969 enim............

100 3016 229 3087 quoque
250 2993 447 3062 auctoritate
467 2992 623 3062 editionis
642 2995 791 3082 onerari,
817 3018 921 3087 quum
943 2994 1053 3062 adhuc
1080 3017 1142 3086 pro

100 3111 265 3181 Thebaide
278 3136 352 3181 mea
363 3114 529 3210 (quemvis
545 3138 598 3182 me
614 3111 803 3207 reliquerit)
818 3112 939 3183 timeo?
952 3112 1017 3182 Sed
1030 3126 1064 3182 et
1075 3114 1141 3182 Cu·

102 3227 192 3301 licem
213 3230 370 3327 legimus,
393 3246 427 3301 et
447 3232 853 3327 Batrachomyomacliinm
873 3235 973 3302 etiem
993 3235 1141 3327 agnosei-

102 3373 198 3419 mus:
219 3376 283 3420 nec
305 3352 481 3446 quisquam
504 3366 553 3422 est
575 3351 753 3423 illustrium
777 3367 971 3446 poetarum,
992 3353 1050 3445 qui
1074 3376 1141 3419 non

104 3467 224 3563 aliquid
245 3472 405 3565 operibus
423 3472 490 3539 suis
509 3468 587 3541 stilo
606 3472 793 3541 remissiore
814 3470 1006 3565 praeluserit.
1026 3468 1142 3559 Quid?

102 3590 187 3681 quod
198 3592 269 3661 hmo
280 3616 392 3661 serum
406 3606 477 3661 erat
489 3584 676 3680 continere,
692 3616 797 3687 quum
811 3590 869 3659 illa
880 3615 939 3659 vos
955 3604 1044 3661 certe
1060 3614 1142 3683 quo-

102 3733 173 3777 rum
192 3712 315 3781 honori
337 3709 414 3780 deta
434 3725 532 3799 sunt,
551 3710 726 3780 haberetis.
749 3709 814 3780 Sed
833 3694 922 3803 opud
940 3722 1065 3777 ceteros
1086 3733 1143 3777 ne·

103 3852 186 3899 cesse
200 3846 248 3900 est
264 3829 410 3900 multum
426 3830 491 3900 illis
507 3843 622 3925 pereat
641 3854 682 3901 ex
699 3830 813 3918 venia,
835 3854 939 3923 quum
957 3828 1143 3913 amiserint,
1159 3836 1163 3842 '

103 3972 199 4040 quem
208 3949 311 4020 solam
324 3951 530 4039 hahuerunt,
545 3950 687 4045 gratiam
698 3947 885 4020 celeritatis.
899 3945 1040 4019 Nullum
1053 3947 1142 4015 euim

104 4090 140 4135 ex
163 4068 227 4139 illis
248 4071 353 4141 biduo
378 4067 509 4165 longius
535 4083 698 4157 tractum3
722 4068 873 4162 quedem
896 4082 930 4137 et
951 4068 986 4134 in
1006 4064 1143 4161 singulis

255 4212 277 4257 1.
775 4216 788 4229 ¹
982 4210 995 4256 1
