2934 4950
380 351 438 408 288
748 349 1045 410 mttoffllottts

378 472 444 543 Seq.
465 485 536 523 vers.
562 466 674 523 initium
686 467 868 523 vehementer
888 477 1102 522 controversum
1123 478 1151 523 et
1171 468 1344 542 conjecturis
1359 473 1410 528 sol·

379 560 525 616 licitatum.
547 562 583 615 V.
601 558 724 634 interpp.
746 558 846 616 addito
861 561 1015 615 Burmann.
1036 559 1074 615 ad
1087 560 1204 617 Anthol.
1226 565 1295 630 lat,
1309 565 1365 618 vol.
1379 581 1411 633 ιι,

379 672 408 727 p.
429 651 496 709 655.
961 685 962 690 κ

420 747 574 821 Septem...
579 745 671 820 sama
684 742 723 822 (v.
737 741 797 821 95).
812 746 856 800 De
869 743 984 800 Pleiade
1004 745 1185 820 tragicorum.
1200 749 1293 804 Versu
1312 764 1355 822 sq.
1372 767 1411 804 re-

377 858 446 914 gum
459 840 541 895 dolos
561 838 649 909 dixit,
671 837 740 911 quia
752 837 833 892 Atrei
845 847 873 893 et
886 837 1015 920 Thyesta
1034 840 1162 913 exempla
1175 849 1293 916 tangere
1312 851 1412 910 amant,

379 950 470 1004 quum
482 930 622 1007 tragoedia
638 926 822 1006 significatur.
925 975 929 982 .

417 1025 524 1079 Hemos
541 1040 639 1098 gressu
654 1032 782 1076 tumeam
796 1029 907 1082 tenores
922 1023 959 1103 (v.
976 1024 1036 1102 99).
1052 1021 1181 1102 Eiegirm
1193 1023 1337 1102 intelligit

417 1118 528 1172 Exsere
535 1117 683 1171 remuutos
695 1115 786 1174 subito
795 1115 834 1196 (v.
852 1126 906 1186 104
922 1115 986 1196 sq.).
1001 1119 1113 1174 Itaiere
1128 1117 1215 1174 codd.
1229 1129 1259 1174 et
1276 1117 1343 1176 edd.
1352 1129 1410 1175 vett.

379 1211 451 1281 Qun
464 1208 655 1280 sirerrantun
668 1204 700 1265 in
711 1210 789 1266 hunc
802 1228 894 1283 prope
907 1209 1026 1266 modurn
1036 1209 1202 1284 explienndn
1209 1221 1294 1271 erunt
1304 1231 1312 1267 ε
1322 1211 1412 1288 Erige,

379 1305 572 1378 Parthenope,
586 1305 682 1359 vultus
694 1313 760 1359 tuos
774 1322 790 1358 e
803 1304 937 1377 pulvere,
950 1300 1002 1376 qui
1009 1303 1126 1358 Vesuvii
1140 1305 1292 1377 eruptione
1306 1305 1413 1378 necopi-

377 1398 511 1454 nantibus
527 1397 649 1470 injeetus
662 1415 712 1453 eos
732 1413 813 1470 paene
827 1394 916 1451 diruit
935 1405 964 1450 et
979 1394 1084 1451 delevit
1101 1392 1148 1472 (cf.
1163 1395 1286 1452 wrm.
1301 1397 1340 1454 ad
1359 1391 1411 1452 Lu-

378 1501 464 1562 eret,
479 1509 519 1561 ιι,
538 1487 622 1567 367),
636 1507 670 1546 ac
684 1489 806 1566 lugentis
821 1487 911 1544 modo
924 1487 1031 1542 crinem
1037 1489 1142 1544 montis
1155 1487 1221 1564 igne
1228 1499 1336 1546 tacttmn
1343 1508 1411 1564 pone

378 1584 407 1637 in
420 1584 532 1640 tumulo
551 1582 648 1658 magni
666 1579 734 1637 civis
754 1580 804 1638 tui.
824 1580 880 1637 Sed
898 1579 922 1636 si
940 1581 987 1636 vel
1003 1581 1125 1637 maxime
1144 1581 1233 1637 verba
1249 1582 1360 1658 integra
1373 1593 1410 1636 te-

377 1695 444 1731 nere
459 1674 545 1746 velis,
562 1673 668 1748 afflato
689 1684 785 1730 tamen
801 1683 909 1741 monte,
928 1673 959 1728 in
978 1691 1038 1747 φιο
1061 1693 1158 1730 sensus
1179 1676 1289 1744 nullus,
1312 1695 1411 1732 summe

376 1767 526 1824 necessitas
549 1775 591 1822 est
608 1766 715 1822 mutari
730 1766 762 1823 in
779 1765 914 1840 afflatum
930 1776 1043 1834 monte,
1062 1785 1128 1822 cum
1141 1769 1176 1823 V.
1195 1769 1230 1822 D.
1245 1787 1292 1842 ap.
1315 1771 1410 1836 Gron,

376 1879 404 1932 p.
417 1860 482 1934 349.
496 1859 590 1914 Multa
602 1858 640 1914 de
652 1859 709 1914 hoc
725 1861 744 1915 l.
759 1858 931 1932 seripserunt
945 1861 1051 1930 Gron.‚
1065 1861 1173 1928 Μαίη,
1195 1880 1220 1916 c.
1236 1863 1410 1933 n1,Elenc}1.

378 1951 568 2018 ,Μ’-Βάκι,
589 1967 614 2006 e.
627 1969 689 2022 ιιι,
709 1961 738 2006 et
757 1949 876 2022 Marti„
890 1968 954 2023 quae
976 1950 1021 2006 hie
1037 1969 1098 2007 non
1110 1971 1262 2026 possumus
1274 1954 1409 2028 persequi.

286 2071 290 2083 ·
376 2043 438 2100 Nie.
457 2040 591 2100 Heinsius
609 2041 685 2116 conj.
702 2043 857 2098 :vesuvum
864 2045 997 2117 puluere,
1013 2063 1049 2100 ex
1060 2045 1188 2101 desubito
1202 2066 1212 2100 .·
1224 2063 1292 2102 nam
1309 2047 1337 2099 V
1345 2065 1410 2120 sape

375 2153 427 2208 per
448 2136 477 2190 B
494 2152 669 2207 expressum.
693 2133 795 2190 Markl.
816 2155 823 2189 :
844 2136 917 2191 Exs.
935 2136 1081 2192 semiustos
1099 2136 1158 2193 sive
1178 2149 1321 2194 semustae
1332 2157 1409 2194 vesu-

375 2228 435 2282 vim
442 2227 566 2302 firlguoe
577 2246 618 2294 v„
635 2244 672 2282 ex
684 2226 802 2303 Virga„
817 2227 949 2294 AEneid.,
964 2245 1019 2299 ιιι,
1035 2225 1107 2300 678,
1126 2227 1164 2284 de
1180 2231 1276 2300 AEtna‚

476 2380 549 2427 thr
562 2385 598 2427 ert
607 2374 722 2428 rnatu
734 2375 872 2428 semiustum
884 2375 982 2427 fulmine
992 2393 1078 2444 eorptn

477 2460 564 2528 Urgeri
575 2461 639 2512 nole
651 2459 707 2513 bre.

373 2597 409 2651 Et
424 2614 453 2651 v.
468 2614 528 2670 seq.
542 2596 618 2652 idem
634 2615 643 2651 ι

478 2775 566 2790 .....
585 2740 726 2811 crinesque
739 2736 832 2809 afflatu
843 2738 934 2789 montis
947 2735 1056 2792 adesum.

372 2855 444 2913 eod.
458 2856 581 2932 nhedig.
598 2868 628 2913 et
640 2856 686 2917 ed.
698 2858 799 2913 Venet.
819 2876 826 2911 ι
843 2860 990 2931 sepultum.

413 2948 568 3023 Speeieque
579 2967 690 3004 comam
704 2949 844 3005 subnexus
852 2960 970 3024 utraque
983 2946 1022 3026 (v.
1039 2945 1114 3026 115).
1128 2972 1141 2999 ι
1154 2948 1191 3004 Et
1205 2948 1333 3006 Nestoris
1339 2950 1405 3005 ube-

371 3050 481 3096 rantem
495 3050 524 3096 et
543 3040 650 3115 Ulyssis
663 3039 870 3097 consideratam
888 3039 1081 3115 eloquentiam
1095 3058 1248 3113 superans,
1266 3041 1405 3113 utriusque

370 3132 485 3189 nomine
502 3143 657 3189 coronatus
671 3151 709 3189 es.
724 3158 738 3184 n
754 3133 865 3189 Btnru.

370 3248 375 3257 ’
410 3226 520 3281 Ponere
527 3244 713 3299 purpureosm
722 3227 841 3281 amictu
854 3222 894 3303 (v.
909 3222 984 3303 ¹19)·
994 3228 1049 3282 Pro
1062 3223 1183 3283 induere
1197 3248 1204 3282 ε
1219 3228 1302 3303 qnod
1314 3226 1404 3285 nescio

369 3336 437 3373 sane
450 3317 475 3376 si
489 3316 555 3392 quis
568 3318 639 3374 alius
651 3318 708 3374 hor
721 3336 807 3376 sensu
819 3317 932 3374 dixerit.
954 3322 1050 3391 Quare
1063 3316 1165 3377 Markl.
1180 3338 1189 3375 t
1201 3340 1311 3378 sumere
1321 3342 1351 3395 p.

407 3410 539 3465 Pendet:
559 3422 589 3465 et
603 3410 737 3486 ambiguo
756 3410 882 3486 gemrnoe
902 3412 1055 3467 certamiine
1078 3424 1162 3467 terra
1179 3409 1220 3491 (v.
1239 3410 1314 3489 125).
1332 3410 1403 3467 Nihil

369 3501 436 3557 satis
445 3499 638 3559 honorificum
645 3505 751 3558 natalis
760 3505 837 3577 ongo
845 3504 957 3577 pendet
963 3544 972 3571 ,
987 3504 1027 3561 ita
1039 3502 1204 3579 simpliciter
1216 3503 1403 3576 enuntiatum

369 3602 398 3647 et
413 3592 506 3665 majus
523 3594 662 3669 quiddam
679 3594 744 3668 jure
764 3605 908 3669 exspectes
922 3606 990 3670 post
1009 3594 1071 3667 illa,
1089 3615 1141 3653 nec
1164 3596 1291 3672 stinpler
1304 3596 1404 3671 parte

367 3686 462 3742 decus.
481 3685 671 3743 Scribendum
691 3698 752 3744 erat
769 3706 834 3744 eum
855 3688 1004 3744 Gronovio
1022 3708 1030 3743 :
1048 3688 1181 3745 «Natalis
1202 3689 1285 3766 origo
1299 3687 1403 3746 Pendet

369 3780 397 3832 in
418 3778 553 3857 ambiguo
573 3780 691 3857 gemine
712 3781 864 3837 certamine
887 3791 968 3838 terrae
987 3802 994 3837 ε
1011 3806 1024 3833 υ
1042 3800 1108 3838 nam
1126 3780 1208 3856 quod
1225 3780 1403 3838 maritandas

367 3870 478 3927 voluit:
488 3874 598 3947 pendet
614 3875 651 3929 eh
669 3874 760 3941 amin,
774 3874 859 3947 plane
876 3892 936 3931 non
951 3886 993 3931 est
1008 3874 1094 3948 hujus
1109 3874 1175 3930 loei.
1193 3878 1236 3931 Ac
1248 3875 1305 3948 jam
1320 3872 1401 3931 rideo

367 3961 409 4017 ed
426 3981 470 4035 pr.
487 3973 515 4019 et
532 3964 597 4020 rod.
611 3965 695 4021 Paris.
715 3965 850 4023 exhibere
865 3966 894 4021 in
906 3967 978 4021 areb.
986 4008 997 4035 ‚
1014 3985 1074 4022 non
1090 3966 1136 4023 ab.
