2934 4950
21 533 22 578 ;
87 513 176 560 m,
427 491 618 548 snvsnuu
639 495 749 550 mem
772 497 794 550 1.

20 590 21 646 ἔ
86 623 123 688 Et
142 630 298 714 suspecta
317 614 398 684 mali
416 632 582 712 ruperunt
600 616 716 687 nubila
735 622 854 689 somni.

85 739 227 832 Adiuvat
245 738 317 833 ipse
335 741 447 826 Deus,
467 737 650 833 morboque
671 739 836 809 valentius
856 743 948 810 omni

85 862 235 952 Occupat
256 857 427 928 auxilium.
450 860 556 928 Citius
575 883 643 928 non
663 874 734 929 arte
753 861 895 930 refectus

85 978 249 1074 Telephus
269 979 440 1065 AEmonie3
458 1003 519 1048 nec
540 1003 612 1072 quae
631 983 811 1051 metuentis
828 982 952 1051 Atride

85 1104 172 1169 Saeva
191 1099 398 1170 Machaonio
415 1105 566 1170 coierunt
585 1097 724 1170 vulnera
745 1127 853 1171 succo.

128 1223 218 1310 Quis
239 1219 338 1309 mihi,
357 1234 408 1290 tot
425 1235 559 1316 questus
578 1223 665 1291 inter
685 1219 867 1317 populique
887 1237 1099 1318 patrumque,

85 1345 129 1411 Sit
148 1367 260 1430 curm,
280 1343 417 1436 votique
436 1341 546 1412 locus?
564 1345 691 1413 Tamen
711 1342 816 1410 ardua
834 1355 937 1412 testor

84 1463 218 1551 Sidera,
240 1475 356 1556 teque,
376 1477 471 1557 pater
489 1477 604 1532 vatum
622 1462 833 1556 Thymbraee,
853 1465 927 1558 quis
946 1467 1039 1534 omni
1160 1551 1167 1564 ·

83 1587 172 1654 Luee
191 1583 295 1672 mihi,
315 1585 388 1676 quis
408 1597 505 1652 nocte
525 1585 640 1671 timor;
659 1583 741 1652 dum
761 1583 910 1678 postibus
928 1585 1055 1654 haerens
1157 1569 1162 1581 ⁵

83 1703 259 1790 Assiduus,
281 1729 372 1773 nunc
391 1728 471 1772 aure
488 1702 585 1799 vigil,
605 1729 695 1773 nunc
715 1703 856 1790 lumine,
876 1719 996 1774 cuncta

85 1829 257 1920 Aucupor3
277 1827 447 1894 immensae
466 1824 567 1895 veluti
587 1850 738 1895 connexa
755 1827 876 1895 carinae

86 1946 209 2040 Cymha
229 1947 354 2033 minor,
373 1969 477 2040 quum
494 1947 585 2015 saevit
602 1945 724 2034 hiems,
744 1972 807 2041 pro
823 1959 934 2041 parte,
954 1946 1101 2015 furentes

86 2070 188 2134 Parva
208 2079 359 2161 receptat
380 2091 496 2159 aquas,
515 2081 549 2135 et
568 2065 683 2136 eodem
704 2065 850 2136 volvitur
870 2068 1004 2136 Austro.

129 2188 263 2257 Nectite
285 2211 376 2256 nunc
396 2183 476 2255 laetae
493 2187 670 2256 candentia
688 2185 764 2275 fila,
782 2211 928 2275 sorores,

88 2310 215 2378 Nectite
236 2333 244 2375 :
266 2331 366 2376 nemo
387 2306 524 2376 modum
544 2309 727 2378 transmissi
747 2322 918 2404 computet
937 2310 1014 2398 aevi,

88 2431 145 2500 Hic
161 2431 241 2499 vitae
261 2427 382 2499 natalis
402 2429 474 2497 erit.
495 2431 547 2498 Tu
582 2431 701 2498 Troica
720 2428 842 2524 dignus

89 2550 227 2638 Secula,
247 2564 282 2619 et
300 2550 440 2620 Euboici
459 2549 693 2619 transcendere
713 2549 860 2645 pulveris
880 2574 1003 2637 annos,

88 2672 329 2765 Nestoreosque
348 2673 440 2739 situs.
461 2672 539 2759 Qua
558 2696 648 2739 nunc
669 2658 728 2739 tibi
751 2694 878 2765 pauper
896 2694 1010 2738 acerra

89 2795 194 2889 Digna
215 2790 336 2861 litem?
356 2816 419 2860 nee
435 2792 463 2859 si
481 2804 601 2860 vacuet
619 2792 778 2859 Mevania
798 2787 915 2875 valles,

89 2920 149 2983 Aut
169 2926 329 3010 prestent
349 2912 465 2980 niveos
484 2909 655 2981 Clitumna
676 2908 809 2979 novalia
828 2925 963 2996 tauros,

90 3034 273 3121 Sufficiam,
295 3031 353 3103 sed
373 3056 458 3127 saepe
476 3032 557 3100 Deis
574 3030 637 3100 hos
654 3032 744 3099 inter
762 3030 906 3100 honores

90 3158 219 3252 Cespes,
242 3169 278 3224 et
297 3156 419 3251 exiguo
438 3150 634 3247 placuerunt
655 3150 745 3221 farra
764 3148 879 3220 salino.
