2934 4950
40 407 157 472 (tert.)
256 390 261 405 '
362 403 777 462 Tflauatoosuuuuxt.
913 361 916 367 1
973 479 976 483 ¹
1032 425 1122 476 aar,

39 535 206 630 Agmina,
222 534 406 627 sentirique
424 533 540 622 nefas:
560 549 640 604 tunc
657 558 718 602 ora
734 533 945 622 madescunt,

38 659 266 748 Pectoraque,
286 671 321 724 et
340 656 460 726 tacitus
478 654 646 751 subrepsit
663 655 824 726 fratribus
841 658 974 726 horror.

38 783 146 847 Arma
161 778 263 848 etiarn
277 776 439 870 simulata
457 802 594 873 gerens,
614 776 790 872 cultusque
807 777 940 866 viriles,

38 903 142 970 Nunc
158 900 231 987 his,
248 898 444 988 nuncillis,
464 929 481 965 a
498 901 617 994 Agite,
635 901 698 988 ite,
717 900 883 986 obsistite,
898 897 1041 990 clamat,

38 1021 127 1111 Quis
147 1023 219 1090 nati
240 1021 425 1117 fratresque
442 1020 553 1110 domi,
574 1021 649 1116 quis
667 1023 809 1118 pignora
826 1036 929 1091 tanta

37 1143 101 1212 His
126 1168 262 1237 quoque
287 1167 400 1212 nonne
415 1139 528 1236 pelam
544 1159 594 1213 est
612 1141 702 1213 ultro
724 1145 938 1213 miserescere
956 1143 1093 1216 Divos?

38 1261 121 1334 Tela
139 1261 265 1332 cadunt
282 1278 508 1334 :cunctantur
527 1265 606 1358 equi
624 1289 632 1332 ε
651 1264 719 1334 fors
736 1265 810 1358 ipsa
826 1279 1001 1360 repugnat.
1018 1293 1036 1328 s

88 1383 255 1457 Nonnihil
275 1383 454 1480 impulerat
472 1385 609 1474 dubios,
626 1388 662 1458 ni
677 1401 776 1456 torva
792 1400 941 1457 notasset
1030 1459 1035 1469 ,

38 1507 223 1604 Tisiphone
242 1507 395 1597 fraudes,
413 1506 605 1602 coelestique
626 1510 720 1579 ocior
742 1510 820 1604 igne

38 1629 171 1700 Afferet
190 1631 393 1726 increpitans
411 1647 425 1699 ε’
440 1659 457 1696 α
471 1629 566 1720 Quid
585 1627 664 1708 belli
682 1630 866 1702 obverteris
887 1633 992 1721 ausis,

39 1753 176 1822 Numen
194 1753 303 1839 iners,
321 1753 463 1846 pacique
483 1751 619 1824 datum?
634 1751 734 1840 cede,
751 1752 932 1848 improba:
952 1761 1065 1822 noster

37 1877 101 1945 llic
120 1900 282 1970 campus,
302 1889 482 1969 nosterque
500 1873 570 1944 dies
589 1900 600 1964 :y
619 1899 710 1945 nunc
730 1900 804 1945 sera
823 1889 982 1946 nocentes

38 1996 201 2068 Delendis
219 1997 377 2066 Thebas:
396 1996 461 2068 ubi.
472 2011 574 2082 tunc,
594 2021 699 2091 quum
717 1994 803 2066 bella
821 1997 922 2067 cieret

40 2119 215 2190 Bacchus?
230 2133 264 2190 et
284 2133 428 2192 armatas
445 2117 613 2188 ¹furiarent
631 2119 727 2214 orgia
745 2119 890 2193 matres?

40 2249 108 2312 Aut
128 2243 188 2312 ubi
205 2220 315 2338 segnis
332 2253 429 2332 eras,
442 2239 524 2339 dum
542 2242 685 2311 Martius
702 2242 805 2336 impia
822 2266 960 2338 serpens

40 2367 167 2461 Stagna
181 2362 376 2440 bibitldum
387 2363 534 2434 Cadmus
545 2361 636 2444 arat?
647 2362 727 2433 dum
741 2365 831 2432 ricta
841 2362 932 2434 cadit
940 2363 1091 2458 Sphinx?

39 2490 132 2557 Dum
150 2502 246 2581 rogat
260 2484 466 2583 OEdipoden
481 2484 636 2580 genitor?
650 2484 732 2555 durn
751 2484 904 2581 lampade
920 2501 1035 2557 nostm

39 2612 77 2677 ln
97 2606 265 2678 thalamos
281 2611 412 2678 Iocasta
425 2606 570 2681 venitis
586 2608 641 2676 Sic
658 2620 771 2702 urget,
781 2620 824 2677 *et
841 2606 932 2678 ultro

39 2733 214 2799 Vitantern
233 2729 406 2824 adspectus
423 2730 544 2816 etiam,
562 2728 826 2825 pudibundaque
844 2727 946 2825 longe
1019 2755 1021 2758 ·
1104 2774 1112 2788 ·

40 2856 109 2921 Ora
130 2851 346 2923 reducentem
355 2892 367 2939 ,·
383 2852 505 2947 premit
522 2850 784 2923 adstridentibus
800 2850 939 2945 Hydria,

40 2976 258 3066 Intentatque
276 2971 363 3042 faces
378 2986 389 3041 t
406 2971 567 3065 dejectam
585 2973 620 3041 in
641 2970 767 3055 lumina
782 2970 906 3068 pallam

40 3098 132 3165 Diva
150 3094 272 3183 trahit,
292 3118 479 3189 magnoque
497 3094 590 3189 fugit.
601 3106 760 3187 questura
775 3095 934 3163 Tonanti.
1021 3112 1026 3121 ‘

88 3220 189 3287 Tunc
206 3241 286 3285 vero
304 3214 610 3287 accensae'stimulis
626 3215 811 3310 majoribus
829 3220 910 3286 irae:

41 3347 146 3409 Arma
165 3336 317 3433 placent,
335 3362 503 3433 versaeque
522 3334 640 3407 volunt
659 3352 810 3432 spectare
826 3338 995 3408 cohortes.

41 3466 237 3531 Instaurant
256 3457 389 3529 crudele
409 3457 524 3529 nefas:
544 3483 602 3529 rex
618 3460 746 3553 impius.
758 3474 853 3554 aptat

40 3583 140 3669 Tela,
158 3597 192 3651 et
211 3580 348 3652 funestae
368 3606 481 3651 casum
500 3582 594 3675 prior
613 3596 757 3676 occupat
776 3582 889 3653 hastae.
952 3644 956 3649 .

40 3705 103 3775 llla
125 3707 214 3774 viam
232 3702 380 3775 medium
397 3702 495 3799 clipei
512 3718 634 3773 conata
654 3728 715 3799 per
734 3703 850 3773 orbem

45 3830 121 3897 Non
139 3826 266 3923 perfert
281 3828 387 3914 ictus,
405 3840 505 3920 atque
523 3822 591 3895 alto
612 3826 760 3896 vincitur
776 3850 869 3895 auro.

40 3953 138 4019 Tunc
155 3947 249 4019 exsul
266 3936 373 4034 subit,
391 3962 424 4016 et
444 3945 533 4019 clare
551 3946 683 4017 funesta
700 3932 861 4043 precatur
878 3975 886 4016 :

42 4104 58 4136 α
71 4072 137 4163 Di,
155 4096 241 4167 quos
257 4071 378 4143 effosso
394 4096 463 4140 non
480 4054 594 4141 irritus
609 4094 667 4165 ore
683 4070 815 4166 rogavit
