2934 4950
73 353 186 416 lt·⁵3t·)
385 355 600 411 TtlEttAlttos
621 356 732 413 LIBER
753 358 801 412 tv.
1088 373 1121 427 ¹9

74 482 278 569 Centauros,
295 478 469 575 solidoque
488 483 612 551 intorta
631 482 809 553 adamante
826 483 1000 577 gigantum

74 601 231 693 Vincula,
251 617 286 672 et
306 618 481 699 angustam
500 608 633 674 centeni
650 606 817 699 AEgaeonis
835 601 1010 673 umbram?
1026 631 1043 667 a

120 754 137 788 a
152 728 278 811 Immo,
299 726 361 814 ait,
379 750 400 794 ο
420 742 544 795 nostrae
561 728 710 819 regimen
726 726 881 819 viresque
899 737 1052 812 senectae,

75 847 126 915 Ne
142 843 279 941 vulgato
296 846 381 916 mihi
399 873 408 915 ε
427 848 502 941 quis
521 848 612 917 enim
631 845 810 923 remeabile
827 871 965 930 sarum,

76 963 306 1060 Fallentesque
323 966 432 1053 lacus,
449 970 641 1062 Tityonque
661 966 819 1039 alimenta
839 966 1029 1051 volucrum,

49 1112 52 1117 ·
78 1090 120 1157 Et
136 1086 337 1184 caligantem
354 1088 464 1185 longis
486 1092 603 1161 lxiona
623 1092 714 1186 gyris

79 1208 233 1279 Nesciat?
251 1210 321 1304 ipse
339 1211 463 1295 etiam,
481 1210 601 1281 melior
619 1237 724 1305 quum
743 1213 894 1307 sanguis,
911 1224 1044 1304 opertas

79 1331 213 1423 Inspexi
233 1330 341 1419 sedes,
360 1337 485 1401 Hecate
504 1332 663 1417 ducente,
679 1334 877 1428 priusquam

81 1453 205 1521 Obruit
221 1477 280 1521 ora
299 1456 407 1539 Deus,
427 1468 599 1548 totamque
617 1455 652 1523 in
670 1469 806 1549 pectora
826 1452 936 1526 lucem

57 1616 63 1623 ·
82 1572 220 1643 Detulit.
244 1573 419 1670 Argolicas
437 1578 543 1671 magis
564 1576 631 1647 huc
651 1574 784 1670 appelle
803 1575 988 1670 precando,

82 1696 323 1790 Thebanasque
341 1698 473 1769 animas
493 1724 501 1767 ε
517 1696 598 1767 alias
614 1710 764 1767 avertere
778 1722 912 1793 gressus

83 1823 182 1888 Lacte
201 1834 322 1914 quater
341 1844 494 1914 sparsas,
515 1835 700 1913 moestoque
717 1818 877 1893 excedere
897 1817 990 1904 luco,

84 1943 184 2029 Nata,
200 1940 302 2035 jube,
320 1956 402 2010 tunc
416 1942 492 2036 quis
510 1939 643 2029 vultus,
661 1941 877 2035 habitusque,
900 1942 974 2033 quis
994 1938 1095 2009 ardor

5 2123 6 2126 ,
85 2064 263 2161 Sanguinis
284 2062 404 2150 affusi,
423 2088 505 2159 gens
523 2080 599 2135 utra
615 2063 792 2160 superbior
809 2062 913 2149 adsit,

85 2186 145 2255 Dic
162 2184 325 2281 agedum,
345 2201 562 2280 nostramque
579 2210 678 2257 move
699 2212 760 2282 per
778 2182 910 2283 singula
926 2196 1067 2252 noctem.
1086 2214 1101 2247 a

21 2404 24 2412 1
131 2314 229 2380 Jussa
247 2309 343 2397 facit,
358 2334 562 2404 carmenque
578 2311 660 2379 serit
678 2337 748 2405 quo
770 2308 909 2405 dissipet
926 2310 1083 2400 umbras,

87 2434 163 2522 Quo
182 2447 280 2528 regat
297 2448 331 2502 et
351 2456 481 2527 sparsas
499 2458 507 2502 τ
525 2432 648 2528 qualis,
664 2434 692 2503 si
708 2433 848 2504 crimina
865 2432 996 2518 demas,

90 2554 237 2640 Colchis,
254 2570 289 2624 et
304 2558 394 2626 AEaao
412 2555 602 2626 simulatrix
620 2554 720 2627 litore
739 2557 849 2628 Circe.

89 2680 182 2748 Tune
200 2679 255 2748 his
271 2676 455 2751 sacrificum
477 2677 575 2748 dictis
592 2679 694 2748 allata
712 2694 886 2773 parentem
908 2705 915 2746 :

136 2831 154 2866 ι
164 2803 301 2872 Primus
316 2801 501 2897 sanguineo
519 2801 689 2872 submittit
705 2801 827 2870 inertia
844 2800 991 2872 Cadmus

92 2928 158 2995 Ora
180 2925 272 3011 lacu,
290 2925 453 3018 juxtaque
470 2925 581 2994 virum
601 2924 780 3017 Cythereia
800 2921 928 3017 proles,

92 3048 207 3118 Effluit
224 3047 403 3116 amborum
424 3047 579 3140 geminus
597 3045 640 3116 de
660 3046 784 3116 vertice
803 3070 940 3140 serpens
962 3072 970 3114 ε

93 3171 283 3264 Terrigenae
301 3168 437 3236 comites
453 3165 545 3255 illos,
563 3191 645 3262 gens
660 3170 801 3251 Martia,
820 3169 972 3262 cingunt.

94 3292 152 3360 His
170 3269 235 3359 aevi
251 3315 410 3360 mensura
427 3289 498 3359 dies
517 3315 525 3357 ε
547 3315 665 3360 manus
684 3291 793 3361 omnis
814 3291 848 3360 in
865 3291 981 3379 arruiS,

96 3415 213 3483 Omnis
231 3427 266 3481 et
287 3413 323 3480 in
341 3411 489 3506 capulo:
512 3411 709 3506 prohibent,
732 3413 951 3506 obstantque,
973 3425 1145 3504 ruuntque

98 3537 294 3630 spirantum
312 3535 405 3604 rabie
421 3559 432 3602 ε’
450 3558 512 3604 nec
527 3535 613 3603 tristi
633 3535 827 3611 incumbere
845 3532 939 3606 sulco

97 3659 202 3746 Cura,
219 3656 279 3735 sed
299 3654 467 3748 alternum
484 3670 646 3750 cuperent
662 3656 799 3730 haurire
817 3679 983 3727 cruorem.

98 3781 252 3848 Proxima
270 3793 426 3848 natarum
445 3792 646 3867 manasset,
666 3777 804 3873 fletique
820 3793 968 3872 nepotes.

98 3901 159 3968 Hic
178 3901 298 3973 orbam
320 3903 521 3982 Autonoen,
536 3915 571 3968 et
587 3898 745 3971 anhelam
763 3900 931 3976 cernimus
951 3902 1013 3970 lno

99 4024 355 4117 Respectantem
374 4048 494 4109 arcus,
511 4023 604 4095 etad
624 4023 726 4094 mera
744 4022 841 4092 dulce
858 4036 1065 4119 prementem

992 4165 1023 4206 a.
