2934 4950
104 469 226 536 (aas.)
392 465 646 523 acarnaamos
670 467 782 524 amaa
805 469 843 523 11.
1096 475 1151 547 ηρ

103 602 208 688 Quae,
223 597 278 664 vix
294 592 408 662 audito
424 590 497 661 litui
507 589 688 688 clangore,
711 593 835 692 refugit

103 724 150 789 Et
166 717 306 802 Thetin,
327 730 361 784 et
377 715 529 805 comites,
546 729 579 784 et
594 739 679 810 quos
695 734 922 812 suppresserat
942 721 1057 815 ignes?

104 845 181 912 Nec
193 855 345 909 nostrum
359 851 425 924 est,
442 835 533 931 quod
557 838 590 906 in
610 861 703 908 arma
722 840 833 929 venis,
851 844 1063 936 sequerisque
1077 868 1154 938 pse·

301 975 428 1050 eantes;

104 1088 265 1157 Venisses
286 1083 386 1154 ultro.
405 1113 421 1150 a
441 1085 552 1173 Quem
570 1081 693 1154 talibus
709 1083 854 1183 occupat
869 1088 968 1158 heros

104 1208 259 1281 AEacides
279 1235 286 1276 :
302 1236 319 1271 a
335 1211 490 1303 Longum
507 1221 557 1276 est
573 1205 698 1276 resides
718 1233 885 1302 exponere
900 1234 1031 1295 causas,

104 1335 368 1425 Maternumque
388 1329 479 1399 nefas
498 1355 506 1397 :
523 1329 588 1398 hoc
607 1329 819 1398 excusabitur
840 1354 918 1399 ense

104 1456 245 1548 Scyros,
263 1467 297 1521 et
311 1450 502 1540 indecores,
519 1451 666 1520 fatorum
681 1452 841 1538 crimina,
857 1451 977 1521 cultus.

104 1579 162 1646 Tu
175 1575 302 1669 potius,
314 1572 395 1642 dum
407 1571 480 1642 lene
493 1571 631 1661 fretum,
642 1572 868 1667 zephyrisque
880 1573 1034 1644 feruntur

108 1696 277 1782 Carbasa,
294 1719 367 1790 quae
382 1695 509 1764 Danais
523 1694 608 1774 tanti
622 1693 806 1788 primordia
819 1691 914 1781 belli,

104 1817 180 1889 Ede
198 1845 207 1887 ε
229 1816 310 1888 libet
323 1818 429 1911 justas
448 1815 528 1885 hinc
545 1841 677 1886 sumere
691 1817 846 1911 protinus
861 1818 937 1886 iras.
952 1849 969 1881 a

107 1941 175 2011 llic
191 1940 326 2010 Ithacus
343 1935 493 2033 paullum
512 1938 654 2032 repetito
670 1935 805 2033 longius
822 1962 901 2006 orsu
920 1965 928 2006 ε
1007 1926 1010 1934 ’

109 2092 128 2126 a
146 2066 268 2131 Fertur
282 2062 318 2129 in
338 2064 522 2148 Hectorea,
544 2060 571 2128 si
589 2057 670 2128 talia
690 2059 873 2148 credimus,
888 2085 949 2129 ora

108 2183 244 2254 Electus
261 2181 376 2252 formae
392 2182 576 2252 certamina
594 2179 721 2251 solvere
739 2197 855 2277 pastor

111 2303 279 2374 Sollicitas
300 2304 443 2374 tenuisse
462 2301 556 2392 deas,
574 2327 635 2371 nec
652 2317 747 2372 torva
762 2305 923 2373 Minervae

110 2431 199 2515 Ora,
217 2453 278 2498 nec
292 2427 427 2497 aetherei
444 2425 567 2495 sociam
585 2424 740 2512 rectoris,
754 2426 862 2496 amico
951 2516 958 2527 ι
1017 2415 1022 2426 ’

112 2550 272 2633 Lumine,
286 2548 344 2619 sed
362 2546 468 2620 solam
483 2548 623 2617 nimium
640 2546 763 2617 vidisse
778 2549 925 2618 Dionen.

110 2677 221 2767 Atque
237 2670 320 2740 adeo
335 2669 375 2739 lis
390 2672 453 2739 ista
469 2670 535 2739 tuis
552 2678 667 2739 exorta
685 2668 748 2737 sub
764 2668 870 2739 antris

111 2792 264 2866 Concilio
284 2796 469 2887 Superum,
491 2789 571 2860 dum
587 2788 685 2859 Pelea
699 2788 798 2859 dulce
816 2792 952 2860 maritat

111 2915 247 3004 Pelion,
266 2930 300 2984 et
315 2914 438 2983 nostris
453 2912 524 3007 jam
543 2926 624 2982 tunc
642 2912 849 3007 promitteris
864 2913 975 2981 armis.

114 3042 168 3107 lra
187 3036 294 3131 quatit
316 3037 417 3104 victas
439 3061 446 3103 :
466 3035 552 3129 petit
570 3032 715 3103 exitialia
730 3032 833 3127 judex

112 3159 253 3229 Praemia
271 3184 279 3225 ε
297 3157 423 3251 raptori
440 3154 551 3225 faciles
568 3169 800 3226 monstrantur
814 3154 969 3251 Amyclae.

112 3278 174 3348 Ille
189 3280 337 3374 Phrygas
355 3275 469 3368 lucos,
485 3279 599 3346 matris
620 3276 804 3372 penetralia
820 3276 918 3346 candit

112 3399 316 3495 Turrigeras,
336 3401 522 3493 vetitasque
541 3397 612 3468 solo
630 3399 848 3494 procumbere
867 3400 968 3495 pinus

113 3521 317 3614 Praecipitat,
333 3535 505 3616 terrasque
521 3520 606 3590 freto
624 3520 754 3591 delatus
770 3523 906 3593 hchaeas

114 3642 263 3738 Hospitis
279 3641 421 3729 Atridae,
441 3640 543 3737 pudet
558 3642 643 3731 heu,
661 3645 861 3739 miseretque
878 3647 1025 3741 potentis

30 3852 32 3857 Ι
114 3760 276 3857 Europae!
298 3761 420 3857 spoliat
439 3762 619 3853 thalamos,
639 3762 833 3859 Helenaque
851 3767 1016 3861 superbus

115 3886 278 3981 Navigat,
298 3900 331 3955 et
350 3899 464 3981 captos
482 3886 525 3955 ad
543 3889 706 3983 Pergama
723 3887 857 3957 devehit
873 3891 991 3986 Argos.

117 4007 201 4078 lnde
218 4007 297 4078 dato
313 4010 435 4103 passim
454 4009 562 4079 varias
581 4034 716 4080 rumore
733 4035 794 4105 per
815 4012 930 4101 urbes,

117 4128 275 4223 Undique
297 4131 432 4200 inexciti
454 4132 517 4200 sibi
537 4133 678 4227 quisque
699 4148 730 4202 et
750 4149 868 4229 sponte
887 4133 1013 4203 coimus
