2934 4950
353 387 387 443 ιδ
711 387 742 440 P.
766 386 889 442 PUBLII
910 387 1032 442 STATII
1311 396 1401 453 (Μ’-ἶ

350 513 486 600 Saxeus,
503 509 557 578 hic
573 508 734 578 tumidam
751 510 893 598 rabiem,
909 535 1130 605 spumosaque
1145 511 1238 607 ponit

348 633 540 718 Murmura,
555 655 616 698 ceu
631 625 753 723 placidi
764 632 890 699 veritus
908 631 1042 701 turbare
1056 633 1193 725 Vopisci

347 753 539 846 Pieriosque
556 749 639 837 dies,
657 763 690 818 ct
705 749 865 818 habentes
879 751 1027 820 carmina
1043 774 1186 831 somnos.

347 872 442 940 Litus
459 884 637 964 utrumque
652 869 743 938 domi
759 895 767 937 :
783 894 845 938 nec
861 883 893 937 te
908 871 1101 940 mitissimus
1117 871 1224 939 amnis

346 989 498 1076 Dividit;
513 987 657 1058 alternas
671 1003 806 1057 servant
821 990 975 1083 praetoria
991 991 1079 1085 ripas
1241 1079 1245 1085 Ι

347 1111 425 1180 Non
441 1121 577 1178 externa
591 1108 669 1196 sibi,
684 1105 866 1176 fluviumve
883 1109 1014 1178 obstare
1029 1123 1225 1203 queruntur.

393 1236 552 1303 Sestiacos
569 1259 659 1303 nunc
674 1235 762 1303 fama
778 1235 884 1322 sinus,
901 1232 1102 1330 pelagusque
1117 1247 1267 1302 natatum

347 1361 463 1442 lactet,
479 1366 512 1424 et
527 1352 643 1423 audaci
657 1355 790 1449 junctos
806 1353 980 1450 delphinas
995 1353 1123 1449 ephebo
1141 1380 1148 1420 :

347 1476 408 1544 Hic
421 1488 544 1543 aeterna
560 1475 668 1569 quies,
683 1472 785 1543 nullis
801 1475 856 1543 hic
869 1476 947 1569 jura
961 1470 1128 1568 procellis,

346 1598 520 1689 Nusquam
536 1596 647 1665 servor
662 1595 766 1688 aquis.
781 1598 892 1663 Datur
905 1592 961 1661 hic
976 1594 1199 1661 transmittere
1212 1590 1317 1678 visus,
1339 1615 1352 1630 ⁸

345 1717 388 1786 Et
401 1739 518 1801 voces,
534 1727 567 1783 et
583 1737 676 1808 paene
691 1737 819 1782 manus.
841 1715 895 1782 Sic
911 1710 1071 1782 Chalcida
1085 1711 1204 1780 fluctus

345 1832 524 1928 Expellunt
541 1817 633 1900 fluvii
650 1857 658 1900 ε
677 1834 723 1901 sic
740 1831 912 1902 dissociata
927 1831 1094 1927 profirndo

346 1956 476 2023 Bruttia
491 1953 659 2022 Sicanium
676 1953 900 2047 circumspicit
914 1977 973 2021 ora
989 1950 1156 2021 Pelorum.

394 2072 487 2160 Quid
503 2074 664 2167 primum,
681 2070 871 2141 mediumve
885 2097 1019 2159 canam3
1036 2096 1103 2165 quo
1119 2070 1186 2139 fine
1202 2071 1404 2164 quiescam?

345 2195 531 2262 Auratasne
547 2193 672 2280 trabes,
688 2217 731 2261 an
746 2193 883 2260 Mauros
898 2191 1047 2285 undique
1063 2206 1188 2286 postes,

345 2314 399 2380 An
416 2313 580 2406 picturata
594 2311 740 2382 lucentia
754 2336 922 2380 marmora
936 2336 1020 2380 vena

344 2433 460 2519 Mirer,
473 2457 516 2501 an
533 2433 666 2503 emissas
681 2457 743 2528 per
758 2448 877 2502 cuncta
894 2430 1015 2502 cubilia
1030 2431 1210 2526 nymphas?

343 2554 417 2621 Huc
432 2552 552 2642 oculis,
570 2554 637 2623 huc
651 2566 764 2622 mente
781 2553 904 2622 trahor.
920 2551 1118 2622 Venerabile
1134 2552 1242 2621 dicam

343 2674 512 2742 Lucorum
529 2672 682 2743 senium?
697 2687 750 2760 te,
766 2697 840 2765 quae
854 2672 939 2741 vada
955 2672 1102 2742 fluminis
1117 2672 1203 2741 insra

344 2792 481 2862 Cernis?
498 2818 540 2861 an
558 2792 600 2861 ad
615 2790 712 2862 silvas
727 2816 801 2886 quae
815 2792 965 2885 respicis,
982 2789 1072 2880 aula,
1084 2790 1251 2885 jacentes?

343 2913 419 3000 Qua
436 2913 495 2981 tibi
512 2926 582 2981 tota
598 2912 707 3005 quies,
723 2910 917 3003 offensaque
932 2908 1066 2978 turbine
1081 2908 1176 2978 nullo

342 3032 419 3100 Nox
433 3031 522 3119 silet,
538 3045 571 3100 et
586 3046 717 3100 teneros
733 3031 879 3097 invitant
893 3052 1068 3097 murmura
1084 3054 1228 3114 somnos.

341 3153 395 3220 An
411 3176 483 3245 quae
498 3152 667 3246 graminea
682 3162 834 3242 suscepta
848 3148 1019 3243 crepidine
1033 3150 1103 3218 lum

342 3268 480 3359 Balnea,
494 3284 528 3340 et
544 3272 736 3366 impositum
752 3270 834 3366 ripis
849 3268 1035 3365 algentibus
1050 3268 1164 3366 ignem
1173 3267 1188 3338 ?

342 3392 475 3485 Quique
489 3391 683 3486 vaporiferis
698 3393 834 3486 junctus
848 3389 1039 3460 fornacibus
1056 3393 1163 3460 amnis

340 3511 441 3581 Ridet
455 3510 647 3581 anhelantes
661 3514 772 3581 vicino
787 3512 926 3581 flumine
941 3510 1133 3606 nymphas?

387 3629 466 3699 Vidi
480 3644 581 3720 artes,
599 3646 815 3726 veterumque
831 3656 964 3718 manus,
981 3633 1145 3726 variisque
1160 3629 1294 3700 metalla

341 3750 426 3817 Viva
442 3752 558 3821 modis.
576 3753 688 3821 Labor
703 3766 752 3822 est
766 3754 839 3822 auri
854 3777 1039 3823 memorare
1055 3751 1198 3847 figuras,

340 3872 407 3941 Aut
422 3870 516 3957 ebur,
531 3885 587 3940 aut
603 3871 719 3967 dignas
736 3872 848 3968 digitis
862 3874 1056 3967 contingere
1073 3896 1237 3967 gemmas,

338 3990 508 4088 Quicquid
522 4006 555 4061 et
571 4008 708 4087 argento
724 3996 870 4081 primum
885 3992 937 4062 vel
955 3994 990 4060 in
1007 4018 1070 4062 aere
1087 3992 1238 4086 Myronis
1289 4046 1291 4050 .

1211 4208 1260 4253 s
