2934 4950
41 427 162 491 (2⁵9⁵.)
344 425 557 484 Tflunsmos
579 425 689 484 LIBER
711 427 780 484 ΧΗ.
1039 430 1092 488 251
1165 511 1170 518 Ι

40 553 153 624 Crede
170 579 178 622 :
194 553 264 621 sitit
280 553 416 621 meritos
437 553 621 622 etiamnum
640 552 711 622 base
730 552 826 623 hasta
841 577 988 626 cruores.

40 675 150 748 Nulla
171 700 266 744 mora
286 689 360 744 est:
378 689 470 744 verte
486 675 579 744 hunc
597 673 698 758 adeo,
714 672 880 765 fidissime,
890 677 1040 773 Phegeu,

41 797 291 893 Cornipedem,
309 811 344 866 et
362 798 480 891 Tyrias
499 797 649 868 invectus
668 799 824 892 protinus
844 825 938 869 arces

41 925 113 992 Aut
132 919 260 992 Danais
280 919 373 990 edice
390 941 507 1014 rogos,
525 932 584 988 aut
600 917 717 1014 praelia
737 920 901 990 Thebis.»
948 925 951 933 '

92 1045 151 1112 Sic
171 1044 235 1131 ait,
253 1039 377 1120 oblitus
396 1039 543 1135 bellique
562 1041 691 1136 viaeque
709 1039 883 1130 laborum,

42 1167 281 1256 Hortaturque
299 1187 396 1252 suos,
413 1139 568 1256 viresque
588 1157 920 1236 instaurat'anhalas.

42 1289 93 1356 Ut
110 1284 214 1354 modo
232 1284 410 1354 connubiis
428 1297 563 1369 taurus,
581 1283 736 1379 saltuque
754 1301 909 1381 recepto,

26 1408 165 1496 ‘Quum
184 1407 295 1501 posuit
315 1429 462 1500 pugnas;
482 1404 548 1476 alio
565 1407 592 1476 si
612 1405 699 1476 forte
717 1410 866 1504 remugit

42 1526 212 1598 Bellatore
228 1551 362 1613 nemus,
378 1550 575 1622 quanquam
593 1553 653 1598 ora
672 1542 706 1600 et
722 1527 811 1598 colla
830 1545 970 1600 cruento

44 1651 160 1719 imbre
173 1649 325 1738 madent,
339 1673 447 1720 novus
460 1673 554 1720 arma
567 1665 682 1744 parat,
696 1675 921 1746 campumque
935 1649 1097 1722 lacessens

45 1769 243 1844 Dissimulet
262 1773 424 1870 gemitus,
440 1785 473 1840 et
493 1770 632 1842 vulnera
650 1769 789 1866 pulvere
807 1770 903 1842 celat.

46 1897 123 1988 lpsa
142 1907 252 1964 metus
272 1893 432 1987 Libycos,
448 1893 730 1987 servatricemque
748 1893 924 1964 Medusam

46 2016 215 2099 Pectoris,
233 2017 364 2086 incussa
381 2014 486 2086 movit
506 2015 660 2085 Tritonia
679 2039 808 2110 pmma
1014 1998 1016 2003 ⁵

47 2139 206 2207 Protinus
224 2138 326 2207 erecti
343 2151 416 2207 toto
433 2134 533 2206 simul
550 2139 702 2231 agmine,
717 2137 850 2208 Thebas

48 2262 234 2354 Respexere
253 2283 379 2353 angues
397 2285 405 2326 ε
423 2281 485 2328 neo
504 2258 585 2328 dum
605 2259 738 2328 Atticus
753 2259 802 2329 ire
820 2261 962 2354 parabat

49 2380 166 2469 Miles,
184 2393 216 2449 et
233 2379 347 2449 infelix
366 2381 502 2476 expavit
518 2377 654 2448 classica
668 2380 781 2450 Dirce.

96 2504 271 2574 Continuo
287 2504 323 2572 in
341 2526 472 2598 pugnas
490 2500 581 2571 haud
600 2499 708 2572 solum
729 2526 868 2573 accensa
880 2494 1061 2599 juventus,

49 2627 117 2714 Qui
135 2623 238 2694 modo
255 2614 414 2713 Caucasei
430 2626 569 2696 comites
586 2622 714 2695 rediere
733 2626 914 2721 triumphi,

50 2748 168 2818 Omnis
186 2746 229 2817 ad
247 2770 340 2817 arma
358 2746 460 2817 rudes
477 2770 557 2841 ager
577 2745 805 2821 exstimulavit
819 2747 983 2819 alumnos.

50 2871 283 2957 Conveniunt,
298 2864 454 2964 ultroque
472 2869 566 2941 ducis
584 2868 706 2940 vexilla
723 2850 925 2965 sequuntur,
971 2877 973 2882 '

50 2992 116 3079 Qui
137 2989 284 3087 gelidum
302 2995 475 3061 Braurona
495 2992 577 3081 viri,
596 2993 654 3086 qui
674 3016 755 3063 rura
773 2988 942 3064 hcoesum

50 3113 252 3209 Munychia,
271 3128 305 3183 et
324 3110 462 3209 trepidis
477 3112 631 3185 stabilem
652 3114 778 3184 Piraeea
794 3116 926 3203 nautis,

50 3238 90 3303 Et
109 3234 263 3305 nondum
281 3238 355 3305 Eoo
373 3234 501 3306 clarum
518 3238 723 3315 Marathona
740 3236 934 3337 triumpho,

50 3358 156 3426 Mittit
175 3359 210 3425 in
228 3382 320 3427 arma
337 3381 476 3446 manus,
496 3356 682 3455 genialibus
699 3359 833 3455 hospita
850 3360 948 3430 Divis

51 3480 164 3562 Icarii,
179 3477 336 3573 Celeique
357 3478 497 3566 domus,
514 3479 702 3575 viridesque
720 3479 891 3569 Melaenae,

52 3602 151 3669 Dives
170 3615 204 3671 et
218 3599 370 3696 AEgaleos
390 3626 585 3690 uentorum,
602 3604 794 3697 Parnesque
811 3602 978 3697 benignus

53 3722 201 3812 Vitibus,
219 3736 252 3791 et
269 3723 387 3818 pingui
407 3722 525 3795 melior
542 3724 745 3819 Lycabessos
765 3722 864 3796 oliva.

54 3845 152 3914 Venit
170 3860 267 3927 atrox
285 3844 391 3933 Ileus,
407 3862 440 3915 et
460 3844 580 3917 olentis
601 3862 714 3916 arator
733 3848 901 3940 Hymetti,

54 3965 202 4062 Quaeque
221 3967 321 4037 rudes
339 3967 471 4063 thyrsos
490 3969 621 4039 hederis
640 3970 803 4057 vestistis,
819 3968 992 4040 Acharna.

55 4090 233 4184 Linquitur
250 4092 330 4161 Eois
349 4090 446 4187 longe
467 4089 669 4185 speculabile
685 4094 794 4187 proris
