2934 4950
64 496 140 550 aas.)
405 483 599 542 stavaaum
618 485 727 542 LIBER
747 487 770 540 l.
1076 503 1111 558 19

64 614 173 701 Lusit,
190 624 225 681 et
241 635 396 681 enormes
410 635 528 680 manus
545 624 594 680 est
610 625 746 707 experta
759 607 912 680 colossos.

65 734 151 800 Dum
165 755 276 826 vagor
291 745 444 826 aspectu,
458 733 612 824 visusque
626 755 685 826 per
698 732 812 801 omnia
828 730 929 820 duco,

65 850 244 920 Calcabam
259 877 321 920 nec
335 852 457 946 opinus
471 875 551 945 opes
569 877 576 920 :
596 875 674 920 nam
690 823 848 945 splendor
862 853 903 921 ab
918 849 997 934 alto,

65 971 219 1058 Defluus,
235 985 268 1041 et
285 970 431 1040 nitidum
446 970 625 1040 referentes
641 995 718 1040 aera
733 985 823 1041 testae

65 1092 297 1160 Monstravere
311 1091 436 1178 solum,
452 1092 559 1160 varias
575 1090 632 1160 ubi
648 1092 738 1186 picta
754 1116 815 1186 per
829 1105 915 1166 artes

67 1210 197 1301 Gaudet
211 1211 338 1281 humus
353 1237 509 1306 superare
523 1213 618 1282 novis
634 1226 766 1280 asarota
780 1211 913 1324 figuris

67 1335 239 1426 Expavere
255 1331 386 1428 gradus.
404 1331 498 1424 Quid
514 1356 604 1402 nunc
619 1333 768 1428 ingentia
784 1334 898 1420 mirer,

68 1455 133 1520 Ant
149 1452 234 1545 quid
250 1453 381 1546 partitis
395 1452 550 1522 distantia
569 1465 651 1522 tecta
668 1451 846 1522 trichoris?

69 1573 156 1660 Quid
172 1587 227 1661 te,
244 1597 318 1666 quae
334 1572 451 1642 mediis
466 1588 595 1642 servata
612 1575 803 1668 penatibus,
817 1574 929 1660 arbor,

68 1696 163 1762 Tecta
178 1719 243 1788 per
258 1707 291 1762 et
308 1709 418 1788 postes
432 1691 575 1788 liquidas
590 1697 732 1789 emergis
749 1696 784 1763 in
801 1693 921 1764 auras?

70 1815 141 1900 Quo
157 1839 231 1884 non
248 1814 310 1884 sub
327 1812 464 1884 domino
481 1839 581 1884 saras
596 1839 730 1909 passura
745 1814 927 1909 bipennas?

21 1934 30 1948 ⁸
70 1937 107 2002 Et
121 1959 213 2004 nunc
230 1934 356 2030 ignarae
372 1934 483 2004 forsan
497 1934 550 2003 vel
564 1934 691 2004 lubrica
706 1939 803 2022 Nais,

71 2054 124 2122 l'el
144 2080 213 2125 non
231 2055 393 2150 abruptos
410 2057 469 2124 tibi
486 2055 582 2124 debet
597 2055 803 2148 Hamadryas
819 2080 934 2125 annos.
1059 2089 1068 2104 ·

72 2176 158 2264 Quid
173 2176 319 2245 referam
335 2175 480 2245 alternas
497 2179 629 2271 gemino
643 2199 745 2271 super
761 2200 881 2271 aggere
895 2178 1074 2272 nymphas,

76 2293 296 2390 albentesque
311 2295 422 2384 lacus,
438 2295 587 2390 altosque
603 2297 638 2364 in
653 2295 784 2392 gurgite
799 2295 930 2366 fontes?
1033 2329 1036 2334 ·

75 2417 179 2510 Teque
195 2440 258 2512 per
274 2412 449 2512 obliquum
464 2417 597 2513 penitus
613 2439 686 2511 quac
701 2414 822 2486 laberis
838 2441 986 2504 amnem,

76 2536 210 2622 Mareia,
228 2551 262 2605 et
277 2536 396 2609 audaci
412 2538 609 2607 transcurris
625 2536 763 2606 flumina
778 2535 935 2630 plumbo?

78 2656 148 2723 Non
163 2655 275 2726 solum
290 2658 394 2726 Ioniis
410 2658 471 2726 sub
486 2656 641 2726 fluctibus
657 2656 763 2725 Elidis
776 2681 909 2725 amnem

78 2776 185 2847 Dulcis
202 2777 244 2846 ad
262 2780 405 2848 AEtnaeos
420 2777 553 2846 deducit
568 2780 683 2845 semita
700 2792 826 2871 portus.

79 2894 141 2965 Illis
157 2900 230 2992 ipse
245 2894 349 2967 antris
363 2898 513 2968 Auienus
529 2898 621 2966 fonte
636 2895 774 2978 relicto,

80 3018 179 3111 Npcte
195 3017 258 3087 sub
273 3042 394 3087 arcana
408 3014 543 3114 glaucos
558 3032 675 3086 exutus
691 3018 851 3099 amictus,

80 3138 147 3205 Huc
162 3136 243 3206 illuc
258 3135 366 3234 fragili
383 3139 563 3234 prosternit
579 3152 713 3233 pectora
729 3162 843 3206 musco
862 3162 870 3203 ε

82 3260 144 3326 Aut
158 3260 276 3355 ingens
292 3260 327 3327 in
343 3273 459 3354 stagna
475 3259 579 3345 cadit,
595 3260 782 3352 vitreasque
796 3271 912 3326 natatu

82 3378 207 3449 Plaudit
223 3404 325 3474 aquas
341 3407 349 3448 ε
367 3378 425 3449 illa
439 3381 575 3449 recubat
590 3380 759 3450 Tiburnus
775 3380 810 3446 in
827 3377 960 3462 umbra,

83 3496 149 3567 Illic
164 3497 327 3569 sulfureos
342 3501 435 3594 cupit
452 3497 573 3570 Albula
588 3524 738 3595 mergere
754 3500 871 3597 crines.

83 3621 153 3687 Hac
169 3620 307 3709 domus,
324 3620 461 3715 AEgeriae
476 3618 679 3692 nemoralem
694 3620 876 3715 abjungere
889 3617 1052 3701 Phoeben,

84 3739 120 3807 Et
132 3741 305 3836 Dryadum
318 3740 458 3811 viduare
473 3740 582 3809 eboris
598 3736 743 3835 algentia
758 3741 860 3833 possit

84 3860 235 3957 Taygeta,
252 3877 286 3932 et
301 3860 392 3933 silvis
410 3885 571 3930 arcessere
585 3860 676 3929 Pana
690 3860 825 3955 Lycaeis.

32 3992 34 4001 ’
87 3978 176 4065 Quod
192 3983 226 4050 ni
245 3981 368 4078 templa
383 3983 502 4051 darent
517 3980 597 4050 alias
612 3980 786 4075 Tirynthia
803 3994 923 4069 sortes,

87 4099 122 4165 Et
134 4103 338 4172 Praenostinae
354 4115 511 4197 poterant
528 4103 670 4197 migrare
685 4114 823 4183 sorores

944 4246 974 4287 a.
