2934 4950
345 395 399 460 rit
664 389 879 448 suasuros
901 389 1017 448 amna
1039 389 1061 442 1.
1276 387 1306 451 (ι.
1319 390 1374 452 aa,

342 512 439 608 Sola,
458 519 572 588 necin
590 539 703 610 regem
723 513 946 610 perduratura
967 511 1168 584 secundum.

393 644 438 710 Et
454 637 605 708 nondum
622 659 733 708 crasso
750 634 919 730 laquearia
935 633 1027 706 lirlva
1044 631 1199 720 metallo,

343 760 517 832 Montibus
533 773 593 827 aut
611 756 677 828 alte
696 757 808 826 Graiis
827 755 944 826 effulta
965 757 1115 828 nitebant

343 883 456 970 Atria,
476 893 650 975 congestos
668 879 748 948 satis
766 875 965 973 explicitura
983 877 1128 950 clientes.

344 1005 424 1074 Non
443 1002 615 1098 impacatis
629 1023 748 1094 regum
769 997 983 1096 advigilantia
1001 1003 1124 1072 somnis

344 1121 437 1212 Pila,
455 1145 516 1191 nec
535 1119 662 1190 alterna
677 1119 758 1191 ferri
777 1122 918 1192 statione
934 1137 1100 1218 gementes

344 1243 517 1331 Excubiae,
536 1265 598 1311 nec
617 1265 698 1310 cura
714 1266 808 1311 mero
826 1243 1033 1314 committere
1053 1267 1216 1337 gemmas,

346 1371 458 1459 Atque
475 1387 596 1433 aurum
613 1360 739 1432 violare
755 1362 846 1434 cibis.
869 1362 935 1434 Sed
953 1363 1043 1434 nuda
1060 1380 1204 1459 potestas

345 1488 496 1559 Amavit
511 1485 653 1554 fratres:
668 1509 784 1579 pugna
796 1499 847 1554 est
864 1483 906 1554 de
920 1510 1067 1580 paupere
1084 1511 1198 1581 regno.

345 1613 503 1702 Dumque
520 1620 597 1674 uter
612 1619 762 1700 angirstre
780 1603 966 1699 squalentia
980 1607 1098 1700 jugera
1113 1608 1231 1676 Dirces

345 1731 521 1816 Verterat,
537 1740 597 1796 aut
610 1726 702 1819 Tyrii
718 1723 801 1795 solio
818 1751 887 1795 non
902 1723 989 1796 altus
1008 1741 1123 1806 ovaret

282 1895 299 1905 κ
314 1846 497 1938 ··-Exsulis,
515 1847 710 1941 ambigitur,
730 1847 829 1940 periit
841 1847 917 1940 jus,
937 1845 1071 1940 fasque,
1087 1848 1300 1943 bonumque,
1325 1904 1328 1912 ,

250 2057 253 2064 ¹
347 1975 390 2041 Et
406 1971 497 2058 vitae,
513 1970 697 2060 mortisque
714 1966 834 2062 pudor.
850 1969 929 2057 Quo
946 1968 1080 2038 tenditis
1093 1958 1180 2042 iras?

349 2093 404 2164 Ah
423 2085 550 2160 miseri!
567 2086 692 2183 quidsi
710 2101 879 2184 peteretur
895 2089 1033 2158 crimine
1047 2104 1140 2162 tanto

348 2215 458 2284 Limes
473 2225 615 2304 uterque
631 2206 724 2304 poli,
742 2232 842 2303 quem
857 2207 915 2279 Sol
929 2211 1067 2281 emissus
1082 2216 1153 2282 Eoo

348 2333 510 2422 Cardine,
528 2355 628 2424 quem
643 2345 741 2424 porta
756 2352 897 2425 vergens
916 2347 1106 2426 prospectat
1124 2335 1243 2404 lbera?

347 2459 509 2550 Quasque
523 2449 644 2549 procul
661 2466 766 2521 terras
784 2448 922 2546 obliquo
936 2451 1042 2523 sidere
1060 2455 1166 2551 tangit

347 2579 467 2664 Avius,
483 2589 543 2645 aut
557 2576 665 2644 Borea
684 2570 826 2668 gelidas,
840 2572 1006 2645 madidive
1023 2590 1170 2671 tepentes

349 2705 430 2794 Igne
448 2695 552 2769 Noti?
568 2694 662 2785 Quid
682 2696 709 2763 si
728 2693 836 2788 Tyriae
852 2694 1045 2790 Phrygiaeve
1060 2698 1122 2767 sub
1139 2722 1246 2769 unum

349 2823 598 2891 Convertentur
614 2814 717 2911 opes?
736 2813 810 2885 loca
828 2814 922 2906 dira,
941 2842 1099 2911 arcesque
1116 2819 1266 2891 nefandae

348 2939 516 3010 suffecere
531 2938 629 3028 odio,
646 2936 808 3032 firriisque
825 2938 1025 3009 immanibus
1040 2955 1190 3035 emptum
1206 2956 1255 3011 est

266 3037 268 3042 ,
348 3059 534 3156 OEdipodae
553 3058 675 3128 sedisse
694 3056 778 3127 loco.
794 3060 868 3127 lam
882 3072 971 3129 sorte
987 3060 1120 3131 carebat

347 3180 479 3251 Dilatus
493 3176 658 3273 Polynicis
673 3178 790 3248 honos.
807 3180 894 3269 Quis
910 3194 983 3249 tum
999 3180 1079 3271 tibi,
1095 3207 1194 3269 saeve,
1215 3220 1219 3229 ·

346 3302 432 3393 Quis
448 3300 513 3370 suit
530 3296 587 3368 ille
603 3297 698 3369 diesi
720 3323 824 3369 vacua
842 3325 947 3394 quum
966 3298 1056 3395 solus
1073 3303 1108 3371 in
1121 3282 1201 3373 aula

347 3424 541 3517 Respiceres
554 3422 610 3515 jus
630 3445 730 3490 omne
750 3436 867 3511 tuum,
887 3435 1091 3516 cunctosque
1107 3424 1272 3513 minores,

346 3548 390 3614 Et
409 3567 574 3637 nusquam
593 3557 758 3638 perstare
777 3542 903 3638 caput?
921 3546 995 3613 Jam
1011 3568 1186 3615 murmura
1199 3564 1339 3643 serpunt

346 3662 455 3733 Plebis
473 3663 660 3753 Echioniae,
680 3664 885 3756 tacitumque
904 3688 924 3733 a
943 3666 1096 3761 principe
1115 3664 1236 3761 vulgus

346 3782 511 3869 Dissidet3
531 3799 583 3872 et,
599 3784 658 3877 qui
677 3808 750 3853 mos
771 3781 920 3878 pupulis,
937 3799 1099 3855 venturus
1117 3802 1258 3857 amatur.

393 3910 502 3998 Atque
522 3902 662 3997 aliquis,
679 3906 734 3975 cui
754 3930 847 3975 mens
863 3904 984 3975 humili
1005 3904 1122 3977 laesisse
1139 3932 1270 3980 veneno

347 4028 499 4114 Summa,
515 4025 763 4120 necimpcsitos
783 4050 932 4121 unquam
948 4028 1076 4097 cervice
1094 4024 1219 4103 volenti
