2934 4950
346 363 403 420 soc
719 355 1018 415 manumortis
1086 312 1090 318 ¹

344 479 422 554 patri
435 495 540 534 munus
549 475 679 546 offertut,
689 491 780 550 quum
795 485 887 531 essem
901 473 1011 549 fatigati
1028 471 1197 545 certamine,
1206 473 1316 546 rejecta
1325 485 1398 530 veste

345 571 496 628 mulierem
518 568 704 639 invenerunt3
722 578 751 624 et
768 586 859 642 quum
872 569 1019 644 fugerent,
1036 565 1164 622 revocati
1178 567 1216 622 ab
1235 581 1283 638 ea,
1297 565 1397 622 moniti

345 675 429 735 eunt,
442 673 476 720 ut
488 664 595 718 Patron
608 661 693 717 unice
702 661 842 717 Simorum
851 657 928 737 (cod.
939 655 1116 738 Sinitmncm)
1126 659 1258 736 diligeret
1265 677 1397 734 puerum.

341 757 393 816 Illi
405 775 471 832 qua
486 754 640 813 audierunt
657 754 776 811 Patroni
792 752 929 809 indicant.
944 755 1027 809 lunc
1043 755 1152 808 Patron
1169 751 1314 810 Simorum
1323 750 1397 831 (eod.

348 846 510 929 Sucronem)
522 868 580 924 pro
599 867 653 904 suo
668 847 731 904 filio
751 846 842 903 nirnio
858 845 958 903 dilexit
973 846 1093 918 aflectu,
1110 845 1195 922 eique
1212 845 1302 903 liliam
1322 863 1399 904 surm

348 941 512 1000 ducendam
523 941 630 998 locavit
643 959 771 998 morem.
785 940 838 996 llla
852 957 942 1014 quum
955 957 1104 1016 pregnans
1123 957 1160 996 ex
1177 957 1213 996 co
1229 949 1318 1010 esset,
1333 939 1400 994 vidit

346 1038 377 1096 iu
390 1035 496 1094 somnis
507 1053 563 1110 per
580 1035 676 1092 fauces
688 1053 754 1091 suas
766 1032 898 1090 introisse
917 1035 1007 1088 solem
1021 1043 1050 1090 ot
1071 1033 1160 1090 exisse
1177 1049 1231 1108 per
1248 1043 1399 1088 ventrem:

346 1128 440 1187 inians
458 1129 553 1186 editus
572 1127 640 1184 ideo
658 1127 806 1184 Branchus
819 1137 937 1182 vocants
958 1137 1014 1196 est,
1033 1125 1102 1201 quin
1125 1135 1217 1184 matu·
1232 1141 1288 1200 per
1307 1125 1401 1181 iuncos

347 1218 359 1298 (
366 1218 486 1302 fiscum)
500 1221 555 1278 eibi
568 1220 680 1277 viderat
691 1231 807 1276 uterum
821 1229 992 1294 penetrasse.
1007 1218 1061 1276 Hic
1078 1235 1168 1294 quum
1185 1219 1215 1274 in
1228 1218 1308 1274 silvis
1325 1215 1400 1298 (cod.

348 1314 382 1370 lc·
399 1310 552 1393 manilum)
574 1313 738 1388 Apoll'mem
760 1313 904 1369 osculatus
926 1311 1043 1383 fuisset„
1062 1310 1287 1386 comprehensus
1304 1322 1352 1367 est
1369 1309 1400 1366 rb

348 1424 385 1464 eo
404 1416 434 1462 et
449 1416 567 1480 acceptu
583 1423 691 1464 corone
712 1405 852 1481 virgaque
868 1403 1018 1461 vaticinari
1038 1404 1141 1479 coepit,
1164 1415 1193 1460 et
1210 1403 1309 1460 subito
1330 1421 1398 1460 nus·

350 1515 439 1574 quam
460 1498 629 1573 conparuit
651 1499 804 1572 Templum
824 1497 851 1554 si
873 1496 980 1553 iactum
997 1508 1054 1569 est,
1076 1495 1158 1572 quud
1175 1500 1322 1576 Βραγχιδῶν
1346 1514 1398 1552 no-
1449 1513 1450 1516 ’

347 1591 501 1650 minatur:
524 1601 554 1648 et
570 1591 700 1666 Apollini
718 1591 841 1648 Philesio
859 1588 899 1668 (v,
920 1593 1046 1646 Macros
1062 1631 1070 1662 ,
1085 1593 1160 1658 Sat,
1179 1609 1206 1661 1,
1228 1609 1274 1661 17,
1296 1608 1326 1664 p.
1348 1591 1399 1645 ula

348 1683 445 1762 Pout.)
460 1685 569 1760 puriter
581 1696 749 1744 consenum
760 1693 828 1742 sunt
842 1687 960 1759 templa,
975 1684 1085 1760 quarab
1099 1686 1198 1742 occulo
1211 1685 1339 1741 Branchi
1348 1684 1400 1739 sive

347 1779 503 1836 murino
515 1795 692 1854 pueromm,
711 1779 831 1836 Philesia
843 1788 1081 1854 nuncupantur.»

387 1871 475 1928 Pana
493 1869 532 1951 (v.
552 1870 630 1950 sto).
651 1877 733 1929 «Pau
753 1872 832 1947 apud
852 1873 928 1929 Pisas
947 1871 1071 1928 rusticos
1085 1871 1202 1927 numine
1220 1887 1275 1927 suo
1291 1873 1400 1948 replere

349 1968 436 2036 solet,
453 1965 562 2041 datque
576 1969 693 2024 oracula
705 1969 758 2042 qm
770 1967 908 2041 impletur
925 1966 992 2022 deo.
1006 1990 1019 2016 υ
1033 1967 1123 2022 Lacr.
1175 1983 1183 1990 ·

389 2061 480 2116 Notos
502 2058 539 2135 (v.
555 2057 634 2138 486).
656 2060 730 2117 «Ad
747 2059 895 2117 meridiem
912 2059 987 2116 euim
1002 2074 1096 2135 augum
1115 2075 1251 2114 romanus
1269 2057 1397 2114 obtutum

352 2153 505 2230 dirigebat.
516 2172 530 2204 s
543 2155 628 2210 Wrr.
648 2156 729 2225 Post,
742 2173 770 2210 r.
788 2160 855 2228 497,
868 2155 942 2210 Dan.
961 2150 1071 2208 Heinsii
1092 2151 1176 2208 codd.
1198 2163 1226 2206 et
1246 2171 1258 2206 ι
1280 2153 1397 2207 Behot:

352 2248 501 2304 «membra
514 2249 590 2304 levat
603 2248 737 2320 scopulo,
751 2270 763 2298 ι
777 2266 833 2322 pro
846 2269 863 2298 α
872 2245 987 2316 locat„
1007 2261 1164 2320 perperam.

392 2341 459 2397 Non
475 2341 556 2397 mit
571 2342 697 2416 auguriis
717 2343 819 2396 melior
835 2339 928 2415 :quin
941 2341 1036 2394 ναίων
1046 2335 1084 2416 (v.
1108 2335 1187 2416 508).
1209 2338 1304 2394 Codd.
1325 2339 1397 2395 auti-

353 2433 471 2511 quiores
488 2445 518 2491 et
526 2433 672 2491 Barthiani
691 2451 790 2490 omnes
802 2451 889 2509 quam
902 2449 957 2508 pro
967 2431 1035 2507 qut-1
1039 2451 1050 2502 ,·
1064 2444 1093 2489 et
1107 2432 1201 2505 major
1213 2431 1360 2489 distinctio
1373 2433 1398 2487 iu

349 2529 470 2604 praeced.
489 2548 517 2584 v.
538 2526 598 2583 line
613 2528 759 2601 ponenda.
780 2526 883 2602 Neque
901 2527 1050 2583 offendero
1067 2527 1157 2584 debet
1171 2528 1316 2599 vtdtures,
1340 2528 1397 2585 Ilo·

351 2622 430 2677 mulo
449 2620 609 2697 benignos,
625 2620 673 2677 hic
693 2619 769 2678 inter
790 2620 858 2676 mali
880 2620 983 2676 ominis
1004 2637 1070 2677 aves
1088 2620 1241 2677 nmneruri.
1261 2622 1396 2677 Glaesaria

351 2715 432 2773 MSS.
445 2714 628 2771 bibliothecae
640 2715 737 2791 Regiae
752 2735 758 2771 :
775 2715 933 2771 «vultures
950 2724 1017 2774 sunt
1030 2714 1163 2788 quadarn
1182 2726 1286 2792 magna
1298 2716 1396 2771 voluti-

350 2807 403 2878 lia,
417 2826 482 2881 quae
498 2819 622 2863 mortem
634 2808 785 2863 hominum
801 2806 890 2883 signis
904 2806 1079 2881 quibusdam
1095 2807 1231 2864 nuntiare
1243 2826 1394 2865 consueve-

350 2910 428 2957 runt
441 2902 508 2970 Quo
524 2899 632 2956 indicio
641 2898 711 2956 dicti
723 2897 759 2979 (l.
773 2898 865 2979 ducti)
879 2910 965 2974 atque
979 2900 1110 2956 instructi
1122 2911 1206 2956 suut:
1221 2916 1313 2975 quum
1327 2902 1395 2957 enim

351 2994 460 3049 bellum
472 2992 656 3068 lacrymabile
671 2993 748 3049 iuter
762 3012 791 3049 se
809 2992 934 3049 advene
948 2992 1021 3049 acies
1039 2992 1201 3064 instruunt,
1213 2994 1308 3049 multo
1325 3012 1394 3067 pru-

351 3086 434 3145 dictu
445 3089 578 3144 volucres
585 3098 747 3162 sequuntur
754 3086 880 3164 agmine,
889 3094 917 3142 ct
930 3106 965 3142 eo
975 3085 1149 3163 significant,
1159 3086 1395 3162 quodmultitudo

350 3182 500 3239 hominum
512 3200 583 3238 cusa
594 3182 645 3253 sit,
661 3182 739 3238 bello
753 3180 868 3237 linitura
882 3180 917 3259 (l.
932 3180 1039 3259 funcra)
1055 3180 1152 3256 praeda
1163 3180 1286 3237 vulturis
1300 3179 1394 3255 :quod

351 3276 453 3350 utique
467 3293 504 3332 ex
522 3275 567 3332 his
582 3275 677 3350 specie
695 3273 892 3331 instructionis
910 3275 1040 3331 humanae
1059 3274 1182 3350 quadam
1198 3275 1331 3331 videntur
1347 3293 1393 3328 ra-

352 3367 432 3425 tione
444 3368 611 3443 colligere.»
629 3367 777 3441 Accipiter
790 3378 885 3423 autem
904 3378 991 3424 nctus
1003 3368 1072 3425 muli
1088 3367 1206 3439 ominis,
1219 3370 1266 3425 rel
1280 3384 1315 3425 ex
1327 3368 1394 3424 Ovi-

351 3460 646 3533 dio,Arc11‚1t7=

459 3589 563 3641 Odimus
575 3590 727 3660 accipitrem,
739 3591 796 3658 quit
807 3602 902 3658 semper
916 3590 975 3641 vivit
988 3590 1013 3641 in
1027 3592 1107 3643 nmis.

392 3717 511 3772 Auditus
524 3716 631 3773 Iasone
646 3717 770 3791 Mopsus
784 3713 823 3795 (v.
840 3713 917 3795 521).
932 3718 1083 3773 structura
1095 3735 1156 3774 uon
1175 3716 1276 3785 huna,
1290 3714 1322 3769 dc
1338 3730 1392 3785 quc

352 3810 382 3865 in
397 3828 511 3867 omnem
522 3820 635 3885 partem
648 3810 832 3885 disputarunt
847 3809 926 3869 docti
940 3810 977 3867 ad
993 3811 1091 3869 Horat.
1099 3854 1108 3883 ,
1127 3810 1180 3869 od.
1200 3830 1227 3881 1,
1242 3810 1272 3879 6,
1289 3828 1303 3863 u
1317 3825 1323 3859 ι

495 3958 612 4007 Scriberis
623 3957 699 4008 Vario
712 3957 780 4009 fortis
781 3996 874 4010 .....

497 4078 578 4093 .....
586 4043 685 4093 tamaii
700 4043 810 4093 carminis
824 4043 887 4094 alite.
