2934 4950
83 411 117 465 (v.
136 405 186 466 τι)
448 389 488 445 IN
508 387 775 445 PARTHENONF„
1072 387 1127 464 359

84 513 183 582 Absit
198 508 240 577 ab
257 507 392 601 ingenio
414 529 454 573 ac
467 504 594 573 viribus
610 503 839 590 AEacidarum,
942 592 945 596 ι

83 638 132 704 Ut
147 631 297 701 dubitem
317 652 378 723 pro
392 625 490 696 laude
506 628 607 713 mori,
628 640 841 720 metuamque
860 650 1070 720 supremum,

67 757 194 844 Quem
212 753 270 822 dat
284 755 404 839 Parca,
426 749 537 818 diem:
558 747 641 817 mihi
660 773 737 818 nam
756 749 811 818 lux
826 748 970 844 amplior
981 749 1049 820 ulla
1061 765 1129 839 est,

86 879 170 965 Quae
185 875 308 943 virtute
324 870 413 962 fluit,
431 896 505 965 quae
524 873 630 940 nescit
644 870 789 940 claustra
806 870 971 966 sepulcri?

87 1002 240 1090 Namque
257 995 402 1064 hominis
419 1019 558 1088 semper,
575 995 772 1062 meritorum
790 992 861 1088 lege
880 997 1040 1090 perenni,

86 1122 203 1208 Quam¹
218 1117 346 1186 breviat
362 1115 482 1203 fatum,
500 1131 663 1210 propagat
676 1115 784 1209 gloria
802 1117 917 1187 vitam.

86 1245 177 1334 Ergo
195 1240 326 1308 animus
346 1237 451 1308 fidens
473 1240 507 1306 in
522 1237 681 1307 Dardana
698 1241 812 1309 saeviat
828 1266 938 1330 arma,

86 1365 157 1430 Nec
176 1361 258 1429 mihi
270 1361 338 1454 jam
358 1361 481 1455 gemini
495 1359 635 1429 dilectus
653 1363 806 1456 pignoris
822 1362 954 1432 obstet:

86 1485 295 1555 Deidamiam
311 1482 542 1578 Pyrrhumque
559 1509 650 1552 meos
665 1508 757 1553 nunc
773 1488 893 1580 Scyros
908 1487 1060 1576 habebit,

86 1611 227 1678 Visuros
244 1622 396 1676 nostrum
412 1605 556 1674 reditum
573 1605 779 1700 celeremque
798 1609 1007 1705 triumphum
1027 1639 1034 1679 :

88 1733 146 1799 Me
162 1729 270 1825 pudor
288 1731 442 1798 hortatur
461 1753 577 1822 rapere
594 1729 628 1796 in
650 1731 833 1817 certamina
852 1756 994 1824 gressus.

88 1857 186 1922 Ferre
205 1853 293 1947 potis
310 1875 527 1946 quaecumque
542 1849 657 1919 labans
674 1850 879 1923 successibus
898 1871 975 1924 aetas

89 1977 213 2069 Erigit,
234 1975 413 2044 observans
427 1974 542 2042 matris
557 1988 721 2068 praecepta
737 1975 905 2066 verendae,

89 2097 211 2165 Induxi
228 2096 342 2166 molles
358 2095 509 2180 habitus,
527 2094 723 2186 velutedita
741 2100 855 2190 rirg03

89 2220 246 2286 Lusimus
265 2229 298 2283 et
319 2217 413 2284 tactis
427 2214 636 2285 modulantes
654 2219 802 2286 carmina
820 2221 963 2291 chordis.

91 2338 218 2408 Virtuti
235 2336 407 2430 adsurgat,
426 2336 533 2406 fuerat
547 2363 766 2432 quaecumque
782 2339 956 2437 voluptas;

89 2459 253 2531 Succedat
270 2459 394 2530 ferrum
412 2459 568 2548 citharae3
584 2459 675 2554 quod
694 2463 801 2531 nutrit
817 2489 946 2535 amores

92 2586 281 2677 Depensum
300 2596 350 2652 est
365 2585 507 2669 Veneri,
528 2582 704 2651 reddamus
725 2600 834 2655 cetera
852 2590 966 2659 Marti.
