2934 4950
79 460 184 524 ime)
398 457 592 519 smvttttttt
610 459 720 518 uultu
741 462 776 516 V.
1061 461 1117 520 155

80 588 111 656 si
126 601 163 654 tu
180 585 285 681 stirpe
303 599 419 674 vetus,
437 585 599 680 femusque
619 587 761 660 obscura
773 589 918 683 jaceres,

78 707 129 778 Nil
144 705 268 802 gentile
288 721 440 795 tumens,
460 703 518 777 illo
536 723 569 778 te
584 706 656 781 cive
676 709 836 803 probares

77 830 220 918 Graiam,
237 843 340 924 etque
354 828 506 900 Euboico
522 829 688 922 majorum
701 832 862 925 sanguiue
876 831 965 904 duci.

79 950 133 1021 Ille
150 953 216 1022 tuis
234 953 335 1022 toties
353 952 557 1045 praestrinxit
570 966 722 1046 temporo
737 955 847 1042 sertis,

78 1073 184 1161 Quum
201 1087 289 1143 stata
302 1071 439 1144 laudato
456 1088 592 1146 caueret
608 1074 850 1168 Quinquennis
869 1099 984 1162 uersu,

78 1195 138 1264 Ora
156 1219 391 1291 supoegressus
406 1193 492 1289 Pylii
508 1196 611 1284 senis,
627 1221 754 1289 oraque
765 1197 853 1292 regis

79 1315 231 1406 Dulichii,
247 1317 424 1412 specieque
434 1341 567 1388 comam
585 1317 755 1396 subnexus
772 1334 924 1413 utruque.

116 1441 193 1510 Non
211 1439 273 1510 tibi
290 1437 455 1510 deformes
470 1438 606 1509 obscuri
621 1441 794 1534 sangmnis
814 1455 924 1524 ortus,

79 1563 140 1630 Nec
157 1561 230 1631 sine
247 1560 321 1633 luce
334 1585 439 1656 genus
457 1557 672 1656 (quanquam
689 1560 824 1634 fortuna
838 1574 1016 1654 parentum

78 1683 201 1754 Arctior
219 1681 410 1778 expensis);
430 1683 554 1756 etenim
571 1697 605 1751 te
625 1681 729 1753 divite
746 1684 815 1754 ritu

78 1805 194 1873 Ponere
210 1829 399 1899 purpureos
419 1803 560 1875 infantia
575 1802 687 1900 adegit
705 1804 849 1884 amiotus

77 1926 185 2020 Stirpis
201 1927 333 2000 honore
350 1925 462 2016 datos,
479 1942 515 1996 et
532 1924 644 1996 nobile
662 1929 807 2022 pectoris
827 1951 958 1998 aurum.

77 2047 230 2118 Protenus
242 2063 361 2122 exorto
377 2047 534 2120 dextrum
551 2049 653 2118 risere
669 2073 800 2120 sorores

77 2166 226 2257 Aonides,
245 2193 420 2264 pueroque
435 2167 556 2264 chelyn
574 2169 758 2258 summisit,
776 2184 810 2240 et
829 2193 889 2242 ora

78 2281 191 2358 lmbuit'
206 2314 307 2360 amne
322 2315 435 2380 sacro,
451 2292 522 2385 jum
539 2304 613 2360 tum
634 2291 696 2362 tihi
713 2289 877 2380 blundus,
895 2287 1028 2387 Apollo.

78 2409 139 2479 Nec
154 2409 297 2507 simplex
313 2412 429 2509 petrin
446 2411 562 2501 decus3
581 2427 616 2486 et
629 2410 749 2485 natalis
766 2413 862 2509 origo

79 2532 196 2603 Pendet
212 2549 270 2605 :et
282 2534 441 2632 ambiguo
457 2535 599 2631 gemine
613 2536 794 2607 certamine
812 2550 926 2625 terrae,

79 2654 119 2723 Te
131 2654 171 2724 de
186 2670 286 2751 gente
302 2680 403 2732 suum
419 2657 525 2729 Latiis
542 2656 668 2727 adscita
688 2654 816 2729 colonis

80 2776 174 2846 Graia
188 2777 293 2849 refert
312 2775 399 2849 Sclle
413 2804 421 2847 ε
436 2779 561 2851 Graius
576 2802 643 2877 qna
659 2802 772 2873 puppe
786 2778 946 2874 magister

80 2896 224 2990 Excidit,
241 2912 280 2969 et
289 2898 409 2971 mediis
424 2899 525 2969 miser
543 2898 714 2993 evigilavit
730 2900 767 2969 in
785 2898 896 2970 undis.

120 3022 227 3089 Maeon
247 3035 283 3090 et
297 3020 375 3090 inde
390 3046 488 3093 suum
508 3019 611 3115 longo
628 3022 750 3115 probat
766 3020 885 3092 ordine
903 3022 979 3093 vitae

84 3139 280 3229 Maeoniden,
297 3140 369 3213 aliae
386 3156 487 3236 atque
503 3141 578 3215 aliis
595 3142 762 3217 natalibus
781 3144 879 3215 urbes

83 3262 261 3359 Diripiunt,
280 3278 475 3359 cuncteque
492 3264 663 3359 probunt:
685 3289 756 3336 non
777 3264 934 3335 omnibus
948 3263 1004 3339 ille

82 3380 194 3474 Verus3
210 3383 271 3455 ulit
286 3386 391 3456 victos
410 3387 565 3457 immanis
582 3383 689 3481 glorie
706 3385 790 3459 falsi.

66 3562 76 3574 ,
120 3510 225 3601 Atque
245 3507 293 3577 ibi
312 3506 393 3577 dum
408 3507 537 3603 profers
556 3533 679 3597 annos,
697 3508 867 3605 vitamque
884 3507 1023 3597 salutas,

82 3629 232 3700 Protenus
250 3630 295 3701 ad
312 3631 412 3725 patrii
431 3632 559 3725 reperis
575 3631 760 3701 certamina
776 3629 875 3703 lustri

83 3752 139 3821 vix
155 3749 327 3849 implenda
341 3753 436 3839 viris,
454 3752 592 3824 laudum
610 3751 768 3844 festinus,
787 3770 822 3823 et
838 3754 948 3823 audax

81 3873 197 3969 Ingenii
215 3902 224 3944 ε
242 3876 372 3971 stupuit
389 3876 547 3970 primaeva
564 3874 608 3945 nd
626 3878 776 3945 carmina
795 3875 906 3970 plebes

83 4000 212 4089 Enboeu,
230 4015 265 4070 et
283 4002 371 4069 nutis
389 4016 422 4070 te
441 4016 670 4092 monstravere
686 4014 852 4094 parentes.

86 4120 157 4190 lnde
176 4121 333 4216 frequens
353 4121 489 4217 pulmae,
505 4121 665 4216 nulloque
683 4120 826 4215 ingloria
844 4146 937 4191 sacro
