<?xml version="1.0" encoding="UTF-8"?>
<!DOCTYPE html PUBLIC "-//W3C//DTD XHTML 1.0 Transitional//EN"
    "http://www.w3.org/TR/xhtml1/DTD/xhtml1-transitional.dtd">
<html xmlns="http://www.w3.org/1999/xhtml" xml:lang="en" lang="en">
 <head>
  <title>
</title>
<meta http-equiv="Content-Type" content="text/html;charset=utf-8" />
  <meta name='ocr-system' content='tesseract 3.04.00' />
  <meta name='ocr-capabilities' content='ocr_page ocr_carea ocr_par ocr_line ocrx_word'/>
</head>
<body>
  <div class='ocr_page' id='page_1' title='image "./operaquaeextant01dbgoog_0572.png"; bbox 0 0 2934 4950; ppageno 0'>
   <div class='ocr_carea' id='block_1_1' title="bbox 94 438 1154 514">
    <p class='ocr_par' dir='ltr' id='par_1_1' title="bbox 94 438 1154 514">
     <span class='ocr_line' id='line_1_1' title="bbox 94 438 1154 514; baseline 0.016 -29"><span class='ocrx_word' id='word_1_1' title='bbox 94 438 131 500; x_wconf 80' lang='lat' dir='ltr'><strong>(r.</strong></span> <span class='ocrx_word' id='word_1_2' title='bbox 145 441 222 504; x_wconf 64' lang='grc' dir='ltr'>ως.)</span> <span class='ocrx_word' id='word_1_3' title='bbox 418 439 633 500; x_wconf 76' lang='lat' dir='ltr'>THEBAIDOS</span> <span class='ocrx_word' id='word_1_4' title='bbox 653 443 764 500; x_wconf 80' lang='lat' dir='ltr'>LIBER</span> <span class='ocrx_word' id='word_1_5' title='bbox 784 445 848 500; x_wconf 85' lang='lat' dir='ltr'><strong>xu.</strong></span> <span class='ocrx_word' id='word_1_6' title='bbox 1097 447 1154 514; x_wconf 71' lang='lat' dir='ltr'><strong>alb</strong></span> 
     </span>
    </p>
   </div>
   <div class='ocr_carea' id='block_1_2' title="bbox 93 565 1153 1640">
    <p class='ocr_par' dir='ltr' id='par_1_2' title="bbox 93 565 1153 787">
     <span class='ocr_line' id='line_1_2' title="bbox 93 565 1153 660; baseline 0.006 -26"><span class='ocrx_word' id='word_1_7' title='bbox 93 566 290 655; x_wconf 87' lang='lat' dir='ltr'><strong>Conditus,</strong></span> <span class='ocrx_word' id='word_1_8' title='bbox 309 578 342 635; x_wconf 89' lang='lat' dir='ltr'><strong>et</strong></span> <span class='ocrx_word' id='word_1_9' title='bbox 360 565 477 637; x_wconf 87' lang='lat' dir='ltr'><strong>flentes</strong></span> <span class='ocrx_word' id='word_1_10' title='bbox 496 583 585 637; x_wconf 86' lang='lat' dir='ltr'><strong>stant</strong></span> <span class='ocrx_word' id='word_1_11' title='bbox 603 571 730 640; x_wconf 91' lang='lat' dir='ltr'><strong>circum</strong></span> <span class='ocrx_word' id='word_1_12' title='bbox 747 571 886 640; x_wconf 82' lang='lat' dir='ltr'><strong>flumina</strong></span> <span class='ocrx_word' id='word_1_13' title='bbox 905 570 1023 660; x_wconf 55' lang='lat' dir='ltr'><strong>silva„</strong></span> <span class='ocrx_word' id='word_1_14' title='bbox 1144 611 1153 619; x_wconf 95' lang='lat'><em>-</em></span> 
     </span>
     <span class='ocr_line' id='line_1_3' title="bbox 151 676 1033 787; baseline 0.005 -29"><span class='ocrx_word' id='word_1_15' title='bbox 151 689 205 758; x_wconf 90' lang='lat' dir='ltr'><strong>Ut</strong></span> <span class='ocrx_word' id='word_1_16' title='bbox 224 676 331 757; x_wconf 80' lang='lat' dir='ltr'><strong>sabies</strong></span> <span class='ocrx_word' id='word_1_17' title='bbox 347 703 492 785; x_wconf 86' lang='lat' dir='ltr'><strong>purgata</strong></span> <span class='ocrx_word' id='word_1_18' title='bbox 508 689 614 778; x_wconf 85' lang='lat' dir='ltr'><strong>vado,</strong></span> <span class='ocrx_word' id='word_1_19' title='bbox 634 689 863 787; x_wconf 76' lang='lat' dir='ltr'><strong>membrisque</strong></span> <span class='ocrx_word' id='word_1_20' title='bbox 881 718 1033 777; x_wconf 87' lang='lat' dir='ltr'><strong>reversus</strong></span> 
     </span>
    </p>

    <p class='ocr_par' dir='ltr' id='par_1_3' title="bbox 93 808 1058 909">
     <span class='ocr_line' id='line_1_4' title="bbox 93 808 1058 909; baseline 0.008 -33"><span class='ocrx_word' id='word_1_21' title='bbox 93 810 228 878; x_wconf 88' lang='lat' dir='ltr'><strong>Mortis</strong></span> <span class='ocrx_word' id='word_1_22' title='bbox 246 808 373 899; x_wconf 87' lang='lat' dir='ltr'>honos,</span> <span class='ocrx_word' id='word_1_23' title='bbox 395 811 506 905; x_wconf 84' lang='lat' dir='ltr'><strong>ignem</strong></span> <span class='ocrx_word' id='word_1_24' title='bbox 525 812 651 882; x_wconf 86' lang='lat' dir='ltr'><strong>miseroe</strong></span> <span class='ocrx_word' id='word_1_25' title='bbox 669 828 747 907; x_wconf 89' lang='lat' dir='ltr'><strong>post</strong></span> <span class='ocrx_word' id='word_1_26' title='bbox 764 811 884 883; x_wconf 88' lang='lat' dir='ltr'><strong>ultima</strong></span> <span class='ocrx_word' id='word_1_27' title='bbox 901 829 1058 909; x_wconf 83' lang='lat' dir='ltr'><strong>quaerunt</strong></span> 
     </span>
    </p>

    <p class='ocr_par' dir='ltr' id='par_1_4' title="bbox 95 929 1005 1034">
     <span class='ocr_line' id='line_1_5' title="bbox 95 929 1005 1034; baseline 0.007 -35"><span class='ocrx_word' id='word_1_28' title='bbox 95 929 260 1000; x_wconf 86' lang='lat' dir='ltr'><strong>Oscula:</strong></span> <span class='ocrx_word' id='word_1_29' title='bbox 278 931 336 1001; x_wconf 89' lang='lat' dir='ltr'><strong>sed</strong></span> <span class='ocrx_word' id='word_1_30' title='bbox 355 930 472 1027; x_wconf 72' lang='lat' dir='ltr'><strong>gelidae</strong></span> <span class='ocrx_word' id='word_1_31' title='bbox 492 935 617 1034; x_wconf 88' lang='lat' dir='ltr'><strong>circum</strong></span> <span class='ocrx_word' id='word_1_32' title='bbox 636 937 868 1030; x_wconf 83' lang='lat' dir='ltr'>exanimesque</span> <span class='ocrx_word' id='word_1_33' title='bbox 886 936 1005 1005; x_wconf 79' lang='lat' dir='ltr'><strong>tavittae</strong></span> 
     </span>
    </p>

    <p class='ocr_par' dir='ltr' id='par_1_5' title="bbox 95 1052 1027 1151">
     <span class='ocr_line' id='line_1_6' title="bbox 95 1052 1027 1151; baseline 0.005 -30"><span class='ocrx_word' id='word_1_34' title='bbox 95 1052 267 1122; x_wconf 89' lang='lat' dir='ltr'><strong>Putribus</strong></span> <span class='ocrx_word' id='word_1_35' title='bbox 282 1055 318 1122; x_wconf 92' lang='lat' dir='ltr'><strong>in</strong></span> <span class='ocrx_word' id='word_1_36' title='bbox 333 1053 457 1140; x_wconf 87' lang='lat' dir='ltr'><strong>foveis,</strong></span> <span class='ocrx_word' id='word_1_37' title='bbox 472 1069 573 1148; x_wconf 86' lang='lat' dir='ltr'><strong>atque</strong></span> <span class='ocrx_word' id='word_1_38' title='bbox 592 1057 707 1124; x_wconf 86' lang='lat' dir='ltr'><strong>omnia</strong></span> <span class='ocrx_word' id='word_1_39' title='bbox 727 1057 825 1126; x_wconf 87' lang='lat' dir='ltr'><strong>busta</strong></span> <span class='ocrx_word' id='word_1_40' title='bbox 841 1060 1027 1151; x_wconf 90' lang='lat' dir='ltr'><strong>quiescunt.</strong></span> 
     </span>
    </p>

    <p class='ocr_par' dir='ltr' id='par_1_6' title="bbox 96 1173 1080 1274">
     <span class='ocr_line' id='line_1_7' title="bbox 96 1173 1080 1274; baseline 0.005 -31"><span class='ocrx_word' id='word_1_41' title='bbox 96 1175 225 1244; x_wconf 81' lang='lat' dir='ltr'><strong>Stabat</strong></span> <span class='ocrx_word' id='word_1_42' title='bbox 243 1173 354 1246; x_wconf 88' lang='lat' dir='ltr'><strong>adhuc</strong></span> <span class='ocrx_word' id='word_1_43' title='bbox 374 1201 433 1247; x_wconf 89' lang='lat' dir='ltr'><strong>seu</strong></span> <span class='ocrx_word' id='word_1_44' title='bbox 451 1178 538 1248; x_wconf 89' lang='lat' dir='ltr'><strong>forte</strong></span> <span class='ocrx_word' id='word_1_45' title='bbox 558 1203 678 1274; x_wconf 91' lang='lat' dir='ltr'><strong>rogus,</strong></span> <span class='ocrx_word' id='word_1_46' title='bbox 696 1205 757 1248; x_wconf 89' lang='lat' dir='ltr'><strong>seu</strong></span> <span class='ocrx_word' id='word_1_47' title='bbox 779 1181 916 1248; x_wconf 90' lang='lat' dir='ltr'><strong>numine</strong></span> <span class='ocrx_word' id='word_1_48' title='bbox 935 1181 1080 1268; x_wconf 89' lang='lat' dir='ltr'><strong>Divum,</strong></span> 
     </span>
    </p>

    <p class='ocr_par' dir='ltr' id='par_1_7' title="bbox 96 1297 885 1388">
     <span class='ocr_line' id='line_1_8' title="bbox 96 1297 885 1388; baseline 0.006 -23"><span class='ocrx_word' id='word_1_49' title='bbox 96 1298 170 1365; x_wconf 89' lang='lat' dir='ltr'><strong>Cui</strong></span> <span class='ocrx_word' id='word_1_50' title='bbox 187 1311 314 1366; x_wconf 90' lang='lat' dir='ltr'><strong>torrere</strong></span> <span class='ocrx_word' id='word_1_51' title='bbox 330 1297 447 1368; x_wconf 90' lang='lat' dir='ltr'><strong>datum</strong></span> <span class='ocrx_word' id='word_1_52' title='bbox 465 1325 568 1370; x_wconf 77' lang='lat' dir='ltr'><strong>savos</strong></span> <span class='ocrx_word' id='word_1_53' title='bbox 585 1298 759 1370; x_wconf 88' lang='lat' dir='ltr'><strong>Eteocleos</strong></span> <span class='ocrx_word' id='word_1_54' title='bbox 777 1315 885 1388; x_wconf 87' lang='lat' dir='ltr'><strong>artus,</strong></span> 
     </span>
    </p>

    <p class='ocr_par' dir='ltr' id='par_1_8' title="bbox 98 1416 959 1518">
     <span class='ocr_line' id='line_1_9' title="bbox 98 1416 959 1518; baseline 0.005 -30"><span class='ocrx_word' id='word_1_55' title='bbox 98 1419 185 1488; x_wconf 85' lang='lat' dir='ltr'><strong>Sive</strong></span> <span class='ocrx_word' id='word_1_56' title='bbox 200 1416 310 1488; x_wconf 88' lang='lat' dir='ltr'><strong>locum</strong></span> <span class='ocrx_word' id='word_1_57' title='bbox 328 1422 487 1490; x_wconf 82' lang='lat' dir='ltr'><strong>monstris</strong></span> <span class='ocrx_word' id='word_1_58' title='bbox 505 1423 626 1492; x_wconf 90' lang='lat' dir='ltr'><strong>iterum</strong></span> <span class='ocrx_word' id='word_1_59' title='bbox 639 1425 787 1493; x_wconf 83' lang='lat' dir='ltr'><strong>Fortuna</strong></span> <span class='ocrx_word' id='word_1_60' title='bbox 797 1423 959 1518; x_wconf 84' lang='lat' dir='ltr'><strong>parabat,</strong></span> 
     </span>
    </p>

    <p class='ocr_par' dir='ltr' id='par_1_9' title="bbox 97 1541 903 1640">
     <span class='ocr_line' id='line_1_10' title="bbox 97 1541 903 1640; baseline 0.006 -30"><span class='ocrx_word' id='word_1_61' title='bbox 97 1544 171 1610; x_wconf 93' lang='lat' dir='ltr'><strong>Seu</strong></span> <span class='ocrx_word' id='word_1_62' title='bbox 192 1541 394 1613; x_wconf 72' lang='lat' dir='ltr'><strong>discessuros</strong></span> <span class='ocrx_word' id='word_1_63' title='bbox 414 1561 604 1614; x_wconf 86' lang='lat' dir='ltr'><strong>servaverat</strong></span> <span class='ocrx_word' id='word_1_64' title='bbox 621 1547 780 1614; x_wconf 89' lang='lat' dir='ltr'><strong>Eumenis</strong></span> <span class='ocrx_word' id='word_1_65' title='bbox 798 1548 903 1640; x_wconf 88' lang='lat' dir='ltr'><strong>ignes.</strong></span> 
     </span>
    </p>
   </div>
   <div class='ocr_carea' id='block_1_3' title="bbox 97 1665 1080 2493">
    <p class='ocr_par' dir='ltr' id='par_1_10' title="bbox 97 1665 948 1761">
     <span class='ocr_line' id='line_1_11' title="bbox 97 1665 948 1761; baseline 0.004 -29"><span class='ocrx_word' id='word_1_66' title='bbox 97 1665 168 1732; x_wconf 90' lang='lat' dir='ltr'><strong>Hic</strong></span> <span class='ocrx_word' id='word_1_67' title='bbox 185 1677 320 1734; x_wconf 89' lang='lat' dir='ltr'><strong>tenuem</strong></span> <span class='ocrx_word' id='word_1_68' title='bbox 340 1666 446 1761; x_wconf 89' lang='lat' dir='ltr'><strong>nigris</strong></span> <span class='ocrx_word' id='word_1_69' title='bbox 463 1667 646 1736; x_wconf 86' lang='lat' dir='ltr'><strong>etiamnum</strong></span> <span class='ocrx_word' id='word_1_70' title='bbox 664 1667 822 1736; x_wconf 81' lang='lat' dir='ltr'><strong>advivere</strong></span> <span class='ocrx_word' id='word_1_71' title='bbox 839 1666 948 1736; x_wconf 91' lang='lat' dir='ltr'><strong>lucem</strong></span> 
     </span>
    </p>

    <p class='ocr_par' dir='ltr' id='par_1_11' title="bbox 99 1783 921 1883">
     <span class='ocr_line' id='line_1_12' title="bbox 99 1783 921 1883; baseline 0.002 -29"><span class='ocrx_word' id='word_1_72' title='bbox 99 1783 299 1855; x_wconf 84' lang='lat' dir='ltr'><strong>Roboribus</strong></span> <span class='ocrx_word' id='word_1_73' title='bbox 317 1788 443 1879; x_wconf 88' lang='lat' dir='ltr'><strong>pariter</strong></span> <span class='ocrx_word' id='word_1_74' title='bbox 459 1785 589 1882; x_wconf 71' lang='lat' dir='ltr'><strong>cupidae</strong></span> <span class='ocrx_word' id='word_1_75' title='bbox 606 1786 738 1874; x_wconf 87' lang='lat' dir='ltr'><strong>videre,</strong></span> <span class='ocrx_word' id='word_1_76' title='bbox 755 1786 921 1883; x_wconf 87' lang='lat' dir='ltr'><strong>simulque</strong></span> 
     </span>
    </p>

    <p class='ocr_par' dir='ltr' id='par_1_12' title="bbox 99 1905 1055 2004">
     <span class='ocr_line' id='line_1_13' title="bbox 99 1905 1055 2004; baseline 0.003 -28"><span class='ocrx_word' id='word_1_77' title='bbox 99 1905 231 1976; x_wconf 87' lang='lat' dir='ltr'><strong>Flebile</strong></span> <span class='ocrx_word' id='word_1_78' title='bbox 248 1909 368 2003; x_wconf 84' lang='lat' dir='ltr'><strong>gavisae</strong></span> <span class='ocrx_word' id='word_1_79' title='bbox 387 1935 395 1976; x_wconf 76' lang='grc' dir='ltr'>ε</span> <span class='ocrx_word' id='word_1_80' title='bbox 415 1932 476 1979; x_wconf 93' lang='lat' dir='ltr'><strong>nec</strong></span> <span class='ocrx_word' id='word_1_81' title='bbox 496 1906 623 1993; x_wconf 86' lang='lat' dir='ltr'><strong>adhuc,</strong></span> <span class='ocrx_word' id='word_1_82' title='bbox 643 1933 717 2003; x_wconf 85' lang='lat' dir='ltr'><strong>quae</strong></span> <span class='ocrx_word' id='word_1_83' title='bbox 734 1909 851 1994; x_wconf 84' lang='lat' dir='ltr'><strong>busta,</strong></span> <span class='ocrx_word' id='word_1_84' title='bbox 869 1925 1055 2004; x_wconf 88' lang='lat' dir='ltr'><strong>repertum,</strong></span> 
     </span>
    </p>

    <p class='ocr_par' dir='ltr' id='par_1_13' title="bbox 100 2026 1080 2129">
     <span class='ocr_line' id='line_1_14' title="bbox 100 2026 1080 2129; baseline 0.001 -30"><span class='ocrx_word' id='word_1_85' title='bbox 100 2028 171 2099; x_wconf 89' lang='lat' dir='ltr'><strong>Sed</strong></span> <span class='ocrx_word' id='word_1_86' title='bbox 191 2026 343 2126; x_wconf 90' lang='lat' dir='ltr'><strong>placidus</strong></span> <span class='ocrx_word' id='word_1_87' title='bbox 363 2030 577 2126; x_wconf 88' lang='lat' dir='ltr'><strong>quicunque,</strong></span> <span class='ocrx_word' id='word_1_88' title='bbox 599 2047 742 2126; x_wconf 89' lang='lat' dir='ltr'><strong>rogant,</strong></span> <span class='ocrx_word' id='word_1_89' title='bbox 758 2034 915 2126; x_wconf 88' lang='lat' dir='ltr'><strong>mitisque</strong></span> <span class='ocrx_word' id='word_1_90' title='bbox 933 2027 1080 2129; x_wconf 86' lang='lat' dir='ltr'><strong>supremi</strong></span> 
     </span>
    </p>

    <p class='ocr_par' dir='ltr' id='par_1_14' title="bbox 100 2151 1007 2369">
     <span class='ocr_line' id='line_1_15' title="bbox 100 2151 1007 2241; baseline -0.001 -19"><span class='ocrx_word' id='word_1_91' title='bbox 100 2151 270 2222; x_wconf 84' lang='lat' dir='ltr'><strong>Admittat</strong></span> <span class='ocrx_word' id='word_1_92' title='bbox 290 2153 411 2222; x_wconf 91' lang='lat' dir='ltr'><strong>cineris</strong></span> <span class='ocrx_word' id='word_1_93' title='bbox 429 2167 635 2241; x_wconf 84' lang='lat' dir='ltr'><strong>consortem,</strong></span> <span class='ocrx_word' id='word_1_94' title='bbox 654 2168 687 2222; x_wconf 89' lang='lat' dir='ltr'><strong>et</strong></span> <span class='ocrx_word' id='word_1_95' title='bbox 705 2155 841 2223; x_wconf 85' lang='lat' dir='ltr'><strong>misceat</strong></span> <span class='ocrx_word' id='word_1_96' title='bbox 861 2156 1007 2222; x_wconf 90' lang='lat' dir='ltr'><strong>umbras.</strong></span> 
     </span>
     <span class='ocr_line' id='line_1_16' title="bbox 152 2252 1003 2369; baseline -0.002 -24"><span class='ocrx_word' id='word_1_97' title='bbox 152 2279 239 2345; x_wconf 88' lang='lat' dir='ltr'><strong>Ecce</strong></span> <span class='ocrx_word' id='word_1_98' title='bbox 254 2275 375 2343; x_wconf 90' lang='lat' dir='ltr'><strong>iterum</strong></span> <span class='ocrx_word' id='word_1_99' title='bbox 389 2274 507 2344; x_wconf 87' lang='lat' dir='ltr'><strong>fratres</strong></span> <span class='ocrx_word' id='word_1_100' title='bbox 524 2301 532 2343; x_wconf 74' lang='grc' dir='ltr'><strong>ι</strong></span> <span class='ocrx_word' id='word_1_101' title='bbox 552 2277 678 2369; x_wconf 89' lang='lat' dir='ltr'><strong>primos</strong></span> <span class='ocrx_word' id='word_1_102' title='bbox 695 2289 733 2344; x_wconf 93' lang='lat' dir='ltr'><strong>ut</strong></span> <span class='ocrx_word' id='word_1_103' title='bbox 745 2252 894 2369; x_wconf 85' lang='lat' dir='ltr'><strong>contigit</strong></span> <span class='ocrx_word' id='word_1_104' title='bbox 909 2291 1003 2344; x_wconf 83' lang='lat' dir='ltr'><strong>artus</strong></span> 
     </span>
    </p>

    <p class='ocr_par' dir='ltr' id='par_1_15' title="bbox 101 2378 1072 2493">
     <span class='ocr_line' id='line_1_17' title="bbox 101 2378 1072 2493; baseline -0.002 -27"><span class='ocrx_word' id='word_1_105' title='bbox 101 2397 197 2493; x_wconf 88' lang='lat' dir='ltr'><strong>lgnis</strong></span> <span class='ocrx_word' id='word_1_106' title='bbox 215 2393 318 2485; x_wconf 86' lang='lat' dir='ltr'><strong>edax,</strong></span> <span class='ocrx_word' id='word_1_107' title='bbox 337 2412 505 2466; x_wconf 90' lang='lat' dir='ltr'><strong>tremuere</strong></span> <span class='ocrx_word' id='word_1_108' title='bbox 525 2398 618 2492; x_wconf 90' lang='lat' dir='ltr'><strong>rogi,</strong></span> <span class='ocrx_word' id='word_1_109' title='bbox 638 2407 672 2464; x_wconf 89' lang='lat' dir='ltr'><strong>et</strong></span> <span class='ocrx_word' id='word_1_110' title='bbox 690 2421 798 2465; x_wconf 88' lang='lat' dir='ltr'><strong>novus</strong></span> <span class='ocrx_word' id='word_1_111' title='bbox 817 2396 947 2465; x_wconf 84' lang='lat' dir='ltr'><strong>advena</strong></span> <span class='ocrx_word' id='word_1_112' title='bbox 966 2378 1072 2465; x_wconf 65' lang='lat' dir='ltr'><strong>bustis</strong></span> 
     </span>
    </p>
   </div>
   <div class='ocr_carea' id='block_1_4' title="bbox 100 2516 1131 4199">
    <p class='ocr_par' dir='ltr' id='par_1_16' title="bbox 100 2516 913 2737">
     <span class='ocr_line' id='line_1_18' title="bbox 100 2516 913 2609; baseline -0.001 -20"><span class='ocrx_word' id='word_1_113' title='bbox 100 2516 271 2589; x_wconf 85' lang='lat' dir='ltr'><strong>Pellitur:</strong></span> <span class='ocrx_word' id='word_1_114' title='bbox 288 2518 460 2589; x_wconf 82' lang='lat' dir='ltr'><strong>exundant</strong></span> <span class='ocrx_word' id='word_1_115' title='bbox 479 2518 587 2609; x_wconf 87' lang='lat' dir='ltr'><strong>diviso</strong></span> <span class='ocrx_word' id='word_1_116' title='bbox 607 2521 732 2589; x_wconf 88' lang='lat' dir='ltr'><strong>vertice</strong></span> <span class='ocrx_word' id='word_1_117' title='bbox 751 2518 913 2606; x_wconf 77' lang='lat' dir='ltr'><strong>flamma,</strong></span> 
     </span>
     <span class='ocr_line' id='line_1_19' title="bbox 103 2639 907 2737; baseline -0.005 -25"><span class='ocrx_word' id='word_1_118' title='bbox 103 2641 327 2736; x_wconf 72' lang='lat' dir='ltr'><strong>alternosque</strong></span> <span class='ocrx_word' id='word_1_119' title='bbox 342 2643 453 2736; x_wconf 85' lang='lat' dir='ltr'><strong>apices</strong></span> <span class='ocrx_word' id='word_1_120' title='bbox 468 2641 613 2737; x_wconf 87' lang='lat' dir='ltr'><strong>abrupta</strong></span> <span class='ocrx_word' id='word_1_121' title='bbox 627 2639 703 2711; x_wconf 91' lang='lat' dir='ltr'><strong>luce</strong></span> <span class='ocrx_word' id='word_1_122' title='bbox 719 2656 907 2711; x_wconf 88' lang='lat' dir='ltr'><strong>coruscant.</strong></span> 
     </span>
    </p>

    <p class='ocr_par' dir='ltr' id='par_1_17' title="bbox 103 2761 1051 3225">
     <span class='ocr_line' id='line_1_20' title="bbox 103 2761 959 2859; baseline -0.001 -26"><span class='ocrx_word' id='word_1_123' title='bbox 103 2761 255 2833; x_wconf 91' lang='lat' dir='ltr'><strong>Pallidus</strong></span> <span class='ocrx_word' id='word_1_124' title='bbox 274 2763 497 2835; x_wconf 85' lang='lat' dir='ltr'><strong>Eumenidum</strong></span> <span class='ocrx_word' id='word_1_125' title='bbox 517 2762 622 2834; x_wconf 88' lang='lat' dir='ltr'><strong>veluti</strong></span> <span class='ocrx_word' id='word_1_126' title='bbox 640 2765 846 2832; x_wconf 87' lang='lat' dir='ltr'><strong>commiserit</strong></span> <span class='ocrx_word' id='word_1_127' title='bbox 866 2766 959 2859; x_wconf 90' lang='lat' dir='ltr'><strong>ignes</strong></span> 
     </span>
     <span class='ocr_line' id='line_1_21' title="bbox 103 2884 1051 2981; baseline -0.001 -25"><span class='ocrx_word' id='word_1_128' title='bbox 103 2889 234 2973; x_wconf 89' lang='lat' dir='ltr'><strong>Orcus,</strong></span> <span class='ocrx_word' id='word_1_129' title='bbox 251 2900 391 2981; x_wconf 88' lang='lat' dir='ltr'><strong>uterque</strong></span> <span class='ocrx_word' id='word_1_130' title='bbox 410 2886 523 2955; x_wconf 80' lang='lat' dir='ltr'><strong>minax</strong></span> <span class='ocrx_word' id='word_1_131' title='bbox 543 2884 682 2981; x_wconf 82' lang='lat' dir='ltr'><strong>globus,</strong></span> <span class='ocrx_word' id='word_1_132' title='bbox 701 2901 736 2955; x_wconf 93' lang='lat' dir='ltr'><strong>et</strong></span> <span class='ocrx_word' id='word_1_133' title='bbox 751 2901 894 2955; x_wconf 89' lang='lat' dir='ltr'><strong>conatur</strong></span> <span class='ocrx_word' id='word_1_134' title='bbox 911 2902 1051 2980; x_wconf 89' lang='lat' dir='ltr'><strong>uterque</strong></span> 
     </span>
     <span class='ocr_line' id='line_1_22' title="bbox 104 3006 1025 3104; baseline -0.003 -26"><span class='ocrx_word' id='word_1_135' title='bbox 104 3008 282 3104; x_wconf 89' lang='lat' dir='ltr'><strong>Longius:</strong></span> <span class='ocrx_word' id='word_1_136' title='bbox 301 3009 380 3103; x_wconf 84' lang='lat' dir='ltr'><strong>ipsae</strong></span> <span class='ocrx_word' id='word_1_137' title='bbox 399 3008 499 3077; x_wconf 88' lang='lat' dir='ltr'><strong>etiam</strong></span> <span class='ocrx_word' id='word_1_138' title='bbox 519 3022 688 3078; x_wconf 91' lang='lat' dir='ltr'><strong>commoto</strong></span> <span class='ocrx_word' id='word_1_139' title='bbox 707 3008 856 3104; x_wconf 88' lang='lat' dir='ltr'><strong>pondere</strong></span> <span class='ocrx_word' id='word_1_140' title='bbox 875 3006 1025 3103; x_wconf 86' lang='lat' dir='ltr'><strong>paullum</strong></span> 
     </span>
     <span class='ocr_line' id='line_1_23' title="bbox 103 3128 909 3225; baseline -0.004 -24"><span class='ocrx_word' id='word_1_141' title='bbox 103 3133 278 3201; x_wconf 87' lang='lat' dir='ltr'><strong>Secessere</strong></span> <span class='ocrx_word' id='word_1_142' title='bbox 295 3130 406 3200; x_wconf 86' lang='lat' dir='ltr'><strong>trabes</strong></span> <span class='ocrx_word' id='word_1_143' title='bbox 423 3155 431 3198; x_wconf 91' lang='lat'><strong>:</strong></span> <span class='ocrx_word' id='word_1_144' title='bbox 448 3128 635 3201; x_wconf 89' lang='lat' dir='ltr'><strong>conclamat</strong></span> <span class='ocrx_word' id='word_1_145' title='bbox 651 3132 768 3199; x_wconf 88' lang='lat' dir='ltr'><strong>territa</strong></span> <span class='ocrx_word' id='word_1_146' title='bbox 789 3130 884 3225; x_wconf 88' lang='lat' dir='ltr'><strong>virgo</strong></span> <span class='ocrx_word' id='word_1_147' title='bbox 901 3156 909 3197; x_wconf 92' lang='lat'><strong>:</strong></span> 
     </span>
    </p>

    <p class='ocr_par' dir='ltr' id='par_1_18' title="bbox 103 3250 1131 4199">
     <span class='ocr_line' id='line_1_24' title="bbox 105 3250 1044 3347; baseline 0.001 -30"><span class='ocrx_word' id='word_1_148' title='bbox 105 3282 123 3317; x_wconf 75' lang='grc' dir='ltr'>α</span> <span class='ocrx_word' id='word_1_149' title='bbox 138 3251 349 3341; x_wconf 91' lang='lat' dir='ltr'><strong>Occidimus,</strong></span> <span class='ocrx_word' id='word_1_150' title='bbox 368 3252 567 3347; x_wconf 87' lang='lat' dir='ltr'><strong>functasque</strong></span> <span class='ocrx_word' id='word_1_151' title='bbox 584 3276 686 3323; x_wconf 88' lang='lat' dir='ltr'><strong>mauu</strong></span> <span class='ocrx_word' id='word_1_152' title='bbox 705 3250 950 3321; x_wconf 88' lang='lat' dir='ltr'><strong>stimulavimus</strong></span> <span class='ocrx_word' id='word_1_153' title='bbox 968 3254 1044 3319; x_wconf 86' lang='lat' dir='ltr'><strong>iras.</strong></span> 
     </span>
     <span class='ocr_line' id='line_1_25' title="bbox 103 3372 1103 3469; baseline -0.005 -25"><span class='ocrx_word' id='word_1_154' title='bbox 103 3379 221 3445; x_wconf 88' lang='lat' dir='ltr'><strong>Frater</strong></span> <span class='ocrx_word' id='word_1_155' title='bbox 237 3390 330 3443; x_wconf 87' lang='lat' dir='ltr'><strong>erat:</strong></span> <span class='ocrx_word' id='word_1_156' title='bbox 348 3374 422 3469; x_wconf 91' lang='lat' dir='ltr'><strong>quis</strong></span> <span class='ocrx_word' id='word_1_157' title='bbox 439 3375 529 3442; x_wconf 88' lang='lat' dir='ltr'><strong>enim</strong></span> <span class='ocrx_word' id='word_1_158' title='bbox 547 3398 697 3442; x_wconf 88' lang='lat' dir='ltr'><strong>accessus</strong></span> <span class='ocrx_word' id='word_1_159' title='bbox 713 3372 803 3441; x_wconf 87' lang='lat' dir='ltr'><strong>serus</strong></span> <span class='ocrx_word' id='word_1_160' title='bbox 820 3373 961 3467; x_wconf 91' lang='lat' dir='ltr'><strong>hospitis</strong></span> <span class='ocrx_word' id='word_1_161' title='bbox 975 3372 1103 3441; x_wconf 73' lang='lat' dir='ltr'><strong>umbrae</strong></span> 
     </span>
     <span class='ocr_line' id='line_1_26' title="bbox 104 3494 1001 3592; baseline -0.003 -26"><span class='ocrx_word' id='word_1_162' title='bbox 104 3494 272 3566; x_wconf 84' lang='lat' dir='ltr'><strong>Pelleret?</strong></span> <span class='ocrx_word' id='word_1_163' title='bbox 290 3522 332 3565; x_wconf 92' lang='lat' dir='ltr'><strong>en</strong></span> <span class='ocrx_word' id='word_1_164' title='bbox 354 3494 461 3592; x_wconf 82' lang='lat' dir='ltr'><strong>clypei</strong></span> <span class='ocrx_word' id='word_1_165' title='bbox 482 3495 646 3591; x_wconf 84' lang='lat' dir='ltr'><strong>fragmen,</strong></span> <span class='ocrx_word' id='word_1_166' title='bbox 664 3509 878 3588; x_wconf 87' lang='lat' dir='ltr'><strong>semustaque</strong></span> <span class='ocrx_word' id='word_1_167' title='bbox 898 3518 1001 3563; x_wconf 87' lang='lat' dir='ltr'><strong>nosco</strong></span> 
     </span>
     <span class='ocr_line' id='line_1_27' title="bbox 104 3615 1069 3713; baseline -0.003 -25"><span class='ocrx_word' id='word_1_168' title='bbox 104 3615 269 3713; x_wconf 78' lang='lat' dir='ltr'><strong>Cingula3</strong></span> <span class='ocrx_word' id='word_1_169' title='bbox 287 3616 390 3687; x_wconf 85' lang='lat' dir='ltr'><strong>frater</strong></span> <span class='ocrx_word' id='word_1_170' title='bbox 411 3632 483 3687; x_wconf 91' lang='lat' dir='ltr'><strong>erat</strong></span> <span class='ocrx_word' id='word_1_171' title='bbox 500 3644 507 3685; x_wconf 77' lang='grc' dir='ltr'><strong>ε</strong></span> <span class='ocrx_word' id='word_1_172' title='bbox 525 3618 692 3703; x_wconf 87' lang='lat' dir='ltr'><strong>cernisne,</strong></span> <span class='ocrx_word' id='word_1_173' title='bbox 712 3632 752 3685; x_wconf 91' lang='lat' dir='ltr'><strong>ut</strong></span> <span class='ocrx_word' id='word_1_174' title='bbox 766 3616 900 3685; x_wconf 85' lang='lat' dir='ltr'><strong>flamma</strong></span> <span class='ocrx_word' id='word_1_175' title='bbox 918 3616 1069 3703; x_wconf 84' lang='lat' dir='ltr'><strong>recedat,</strong></span> 
     </span>
     <span class='ocr_line' id='line_1_28' title="bbox 105 3736 1078 3836; baseline -0.004 -25"><span class='ocrx_word' id='word_1_176' title='bbox 105 3744 360 3836; x_wconf 89' lang='lat' dir='ltr'><strong>Concurratque</strong></span> <span class='ocrx_word' id='word_1_177' title='bbox 377 3738 514 3809; x_wconf 85' lang='lat' dir='ltr'><strong>tamen?</strong></span> <span class='ocrx_word' id='word_1_178' title='bbox 532 3740 651 3807; x_wconf 92' lang='lat' dir='ltr'><strong>vivunt</strong></span> <span class='ocrx_word' id='word_1_179' title='bbox 666 3736 745 3817; x_wconf 88' lang='lat' dir='ltr'><strong>odia</strong></span> <span class='ocrx_word' id='word_1_180' title='bbox 763 3738 933 3831; x_wconf 88' lang='lat' dir='ltr'><strong>improba,</strong></span> <span class='ocrx_word' id='word_1_181' title='bbox 949 3739 1078 3807; x_wconf 85' lang='lat' dir='ltr'><strong>vivunt.</strong></span> 
     </span>
     <span class='ocr_line' id='line_1_29' title="bbox 106 3859 1039 3948; baseline -0.005 -16"><span class='ocrx_word' id='word_1_182' title='bbox 106 3860 164 3932; x_wconf 87' lang='lat' dir='ltr'><strong>Nil</strong></span> <span class='ocrx_word' id='word_1_183' title='bbox 182 3877 294 3932; x_wconf 89' lang='lat' dir='ltr'><strong>actum</strong></span> <span class='ocrx_word' id='word_1_184' title='bbox 313 3860 427 3932; x_wconf 86' lang='lat' dir='ltr'><strong>bello:</strong></span> <span class='ocrx_word' id='word_1_185' title='bbox 449 3862 581 3948; x_wconf 87' lang='lat' dir='ltr'><strong>miseri,</strong></span> <span class='ocrx_word' id='word_1_186' title='bbox 601 3862 648 3929; x_wconf 90' lang='lat' dir='ltr'><strong>sic</strong></span> <span class='ocrx_word' id='word_1_187' title='bbox 667 3859 748 3929; x_wconf 87' lang='lat' dir='ltr'><strong>dum</strong></span> <span class='ocrx_word' id='word_1_188' title='bbox 766 3884 859 3928; x_wconf 82' lang='lat' dir='ltr'><strong>arura</strong></span> <span class='ocrx_word' id='word_1_189' title='bbox 878 3861 1039 3947; x_wconf 88' lang='lat' dir='ltr'><strong>movetis,</strong></span> 
     </span>
     <span class='ocr_line' id='line_1_30' title="bbox 105 3982 1131 4079; baseline -0.005 -26"><span class='ocrx_word' id='word_1_190' title='bbox 105 3986 198 4054; x_wconf 90' lang='lat' dir='ltr'><strong>Vicit</strong></span> <span class='ocrx_word' id='word_1_191' title='bbox 215 4008 335 4079; x_wconf 90' lang='lat' dir='ltr'><strong>nempe</strong></span> <span class='ocrx_word' id='word_1_192' title='bbox 350 3988 461 4055; x_wconf 89' lang='lat' dir='ltr'><strong>Creon</strong></span> <span class='ocrx_word' id='word_1_193' title='bbox 478 4010 485 4051; x_wconf 77' lang='grc' dir='ltr'><strong>ε</strong></span> <span class='ocrx_word' id='word_1_194' title='bbox 505 4008 670 4076; x_wconf 88' lang='lat' dir='ltr'><strong>nusquam</strong></span> <span class='ocrx_word' id='word_1_195' title='bbox 685 3982 756 4075; x_wconf 87' lang='lat' dir='ltr'><strong>jam</strong></span> <span class='ocrx_word' id='word_1_196' title='bbox 774 4006 879 4076; x_wconf 86' lang='lat' dir='ltr'><strong>regna</strong></span> <span class='ocrx_word' id='word_1_197' title='bbox 894 4007 902 4049; x_wconf 76' lang='grc' dir='ltr'>ε</span> <span class='ocrx_word' id='word_1_198' title='bbox 919 3983 993 4075; x_wconf 80' lang='lat' dir='ltr'><strong>quis</strong></span> <span class='ocrx_word' id='word_1_199' title='bbox 1010 3982 1131 4051; x_wconf 76' lang='lat' dir='ltr'><strong>ardor?</strong></span> 
     </span>
     <span class='ocr_line' id='line_1_31' title="bbox 106 4103 1002 4199; baseline -0.007 -23"><span class='ocrx_word' id='word_1_200' title='bbox 106 4110 169 4176; x_wconf 88' lang='lat' dir='ltr'><strong>Cui</strong></span> <span class='ocrx_word' id='word_1_201' title='bbox 192 4105 325 4175; x_wconf 81' lang='lat' dir='ltr'><strong>furitis?</strong></span> <span class='ocrx_word' id='word_1_202' title='bbox 346 4106 457 4175; x_wconf 88' lang='lat' dir='ltr'><strong>sedate</strong></span> <span class='ocrx_word' id='word_1_203' title='bbox 475 4106 579 4174; x_wconf 88' lang='lat' dir='ltr'><strong>minas</strong></span> <span class='ocrx_word' id='word_1_204' title='bbox 598 4130 605 4172; x_wconf 76' lang='grc' dir='ltr'><em>τ</em></span> <span class='ocrx_word' id='word_1_205' title='bbox 625 4120 729 4199; x_wconf 89' lang='lat' dir='ltr'><strong>tuque</strong></span> <span class='ocrx_word' id='word_1_206' title='bbox 746 4104 838 4173; x_wconf 83' lang='lat' dir='ltr'><strong>exsul</strong></span> <span class='ocrx_word' id='word_1_207' title='bbox 857 4103 1002 4197; x_wconf 90' lang='lat' dir='ltr'><strong>ubique,</strong></span> 
     </span>
    </p>
   </div>
   <div class='ocr_carea' id='block_1_5' title="bbox 0 0 1487 4950">
    <p class='ocr_par' dir='ltr' id='par_1_19' title="bbox 0 0 1487 4950">
     <span class='ocr_line' id='line_1_32' title="bbox 0 0 1487 4950; baseline 0 0"><span class='ocrx_word' id='word_1_208' title='bbox 0 0 1487 4950; x_wconf 95' lang='lat' dir='ltr'><strong> </strong></span> 
     </span>
    </p>
   </div>
  </div>
 </body>
</html>
