2934 4950
76 418 181 506 <nun
373 445 590 503 annuamus
610 449 721 504 mann
741 449 790 505 ιν.
913 457 917 466 ·

76 577 236 667 Pugnaces
251 571 390 668 animae)
410 574 508 643 nobis
527 575 562 644 in
580 578 743 670 sanguine
760 573 867 646 multo

75 697 218 788 Oraque,
237 709 456 791 pectoraque,
474 710 507 764 et
523 695 607 765 saiso
622 695 769 767 clamore
785 696 910 768 levatus

74 815 248 884 Intendunt
265 816 337 884 sine
356 841 439 910 pace
457 818 598 887 manus?
613 844 689 904 ren,
708 817 826 907 fallor,
848 844 891 888 an
910 820 946 887 hi
963 833 1043 888 suut
1137 886 1141 894 ,

74 937 319 1032 Quinquaginta
342 935 418 1006 illi?
440 941 550 1008 cernis
567 941 845 1034 Chthoniumque
863 941 1118 1032 Chrominque,

75 1058 281 1157 Phegeaque,
300 1075 336 1129 et
360 1075 475 1130 nostra
494 1065 690 1156 praesignem
710 1065 842 1130 Maeona
860 1060 966 1131 lauro.

75 1182 121 1248 Ne
135 1181 268 1267 saevite,
290 1180 393 1251 duces
414 1209 422 1250 :
445 1181 530 1251 nihil
547 1167 603 1254 hic
620 1182 819 1254 mortalibus
839 1209 957 1253 ausum

75 1302 203 1371 Credite
219 1301 369 1372 consiliis
389 1330 397 1372 :
414 1304 482 1382 hos,
494 1305 603 1374 ferrea
619 1322 758 1376 neverat
776 1331 885 1408 annos

77 1429 235 1519 Atropos:
257 1425 370 1494 existis
387 1452 484 1496 casus
506 1453 514 1496 :
536 1426 625 1496 bella
642 1428 780 1498 horrida
797 1429 909 1510 nobis,

78 1551 180 1642 Atque
198 1549 323 1617 iterum
342 1549 485 1643 Tydeus.
499 1581 516 1616 r
535 1551 649 1639 Dixit,
668 1553 822 1645 vittaque
838 1527 949 1648 ligatis

78 1668 258 1746 Frondihus
275 1671 442 1742 instantes
459 1674 580 1768 abigit,
598 1688 830 1767 monstratque
846 1698 1010 1744 cruorem.

118 1793 233 1864 Stabat
252 1795 352 1889 inops
368 1797 530 1864 comitum
549 1797 667 1890 Cocyti
685 1797 720 1865 in
738 1795 836 1866 litore
854 1810 972 1869 moesto

81 1916 191 2005 Laius,
210 1918 449 2012 immitiquem
461 1898 532 2012 jam
551 1920 644 1988 Deus
661 1917 728 1987 aies
746 1922 881 2015 Averno

80 2038 295 2127 Reddiderat,
315 2038 495 2135 dirumque
515 2055 613 2110 tuens
634 2039 773 2135 obliqua
791 2057 947 2142 nepotem

81 2159 213 2252 (Noseit
228 2162 321 2248 enim
338 2159 474 2258 vultu),
491 2188 561 2231 non
577 2160 714 2231 ilieaut
729 2165 903 2258 sanguinis
922 2164 1078 2252 haustus,
1148 2247 1150 2252 Ι

81 2285 201 2352 Cetera
220 2308 282 2352 ceu
301 2282 435 2379 plebes,
456 2283 602 2353 alirunve
622 2285 753 2354 accedit
772 2283 813 2354 ad
833 2285 988 2368 imbrem,

82 2404 266 2475 Immortale
285 2405 402 2475 odium
422 2407 554 2502 spirans
574 2433 582 2475 ε
604 2405 663 2477 sed
683 2406 818 2502 proiicit
839 2406 929 2476 ultro

82 2531 201 2598 Aonius
219 2544 310 2599 vates
328 2554 338 2597 ε
363 2530 503 2624 «Tyriae
524 2529 594 2597 dux
612 2526 736 2622 inclyte
756 2528 903 2617 Thebes,

84 2653 180 2747 Cujus
195 2653 239 2721 ah
259 2653 398 2722 interitu
417 2677 487 2721 non
505 2649 575 2720 ulia
591 2652 792 2747 Amphionis
812 2676 904 2721 ames

84 2774 169 2843 Vidit
185 2776 295 2844 amica
310 2774 381 2843 dies
399 2800 407 2842 ε
427 2800 449 2842 o
461 2774 532 2868 jam
554 2775 633 2843 satis
649 2772 719 2854 ulte
734 2788 914 2842 cruentum

85 2897 245 2984 Exitium,
262 2912 296 2966 et
313 2894 464 2968 multum
479 2894 610 2992 placata
629 2896 818 2965 minoribus
838 2896 975 2982 umbra,

86 3020 191 3107 Quos,
208 3018 418 3106 miserande,
439 3016 556 3112 sugis?
572 3018 662 3111 jaret
681 3014 737 3086 ille
757 3020 792 3087 in
810 3017 928 3086 funere
950 3015 1053 3112 longo

86 3140 188 3229 Quem
207 3143 349 3236 premis,
366 3156 400 3210 et
412 3140 542 3234 junctae
557 3142 660 3212 sentit
675 3140 823 3209 confinia
844 3140 981 3225 mortis,

88 3262 216 3333 Obsitus
231 3262 413 3333 exhaustos
427 3261 554 3357 pedore
570 3277 605 3331 et
615 3264 787 3357 ,sanguiue
809 3258 939 3346 vultus,

88 3385 282 3480 Ejectusque
299 3384 354 3453 die
376 3409 385 3453 ε
403 3409 477 3453 sors
497 3382 565 3453 leto
583 3383 702 3454 durior
718 3386 831 3470 omni,

90 3506 188 3577 Crede
204 3508 292 3577 mihi
310 3532 319 3576 ε
340 3530 493 3609 quaenam
513 3507 720 3579 immeritum
738 3507 844 3574 vitare
861 3519 1019 3599 nepotem

91 3631 188 3700 Causa
206 3629 291 3700 tibi?
304 3628 427 3699 'confer
447 3627 598 3711 ruitum,
616 3641 652 3695 et
666 3628 788 3695 satiare
809 3625 933 3721 litanti1

92 3752 267 3847 Sanguine,
287 3766 515 3844 venturasque
533 3752 638 3837 vices,
654 3765 688 3818 et
708 3748 828 3816 funera
845 3745 924 3815 beili

92 3872 194 3943 Pande
211 3872 263 3943 vel
285 3874 451 3960 infensus,
473 3871 525 3941 vei
546 3897 600 3940 res
618 3872 776 3939 miserate
794 3883 941 3937 tuorum.

93 3994 178 4065 Tunc
196 4022 260 4091 ego
276 3975 311 4065 te
327 4009 444 4091 optata
464 3994 602 4063 vetitam
621 3991 853 4079 transmittere⁴
871 3990 999 4057 Lethen

94 4116 202 4213 Puppe
219 4116 326 4203 dabo,
347 4115 586 4213 placidumque
599 4117 662 4209 pia
679 4110 800 4181 tellure
817 4136 998 4205 reponam,
