<?xml version="1.0" encoding="UTF-8"?>
<!DOCTYPE html PUBLIC "-//W3C//DTD XHTML 1.0 Transitional//EN"
    "http://www.w3.org/TR/xhtml1/DTD/xhtml1-transitional.dtd">
<html xmlns="http://www.w3.org/1999/xhtml" xml:lang="en" lang="en">
 <head>
  <title>
</title>
<meta http-equiv="Content-Type" content="text/html;charset=utf-8" />
  <meta name='ocr-system' content='tesseract 3.04.00' />
  <meta name='ocr-capabilities' content='ocr_page ocr_carea ocr_par ocr_line ocrx_word'/>
</head>
<body>
  <div class='ocr_page' id='page_1' title='image "./operaquaeextant01dbgoog_0228.png"; bbox 0 0 2934 4950; ppageno 0'>
   <div class='ocr_carea' id='block_1_1' title="bbox 122 335 1160 406">
    <p class='ocr_par' dir='ltr' id='par_1_1' title="bbox 122 335 1160 406">
     <span class='ocr_line' id='line_1_1' title="bbox 122 335 1160 406; baseline -0.009 -6"><span class='ocrx_word' id='word_1_1' title='bbox 122 342 229 405; x_wconf 58' lang='lat' dir='ltr'><strong>lum)</strong></span> <span class='ocrx_word' id='word_1_2' title='bbox 432 335 649 398; x_wconf 74' lang='lat' dir='ltr'>THEBAIDOS</span> <span class='ocrx_word' id='word_1_3' title='bbox 669 339 780 396; x_wconf 73' lang='lat' dir='ltr'><strong>mutu</strong></span> <span class='ocrx_word' id='word_1_4' title='bbox 802 341 840 398; x_wconf 85' lang='lat' dir='ltr'><strong>ll.</strong></span> <span class='ocrx_word' id='word_1_5' title='bbox 1105 355 1160 406; x_wconf 73' lang='lat'><strong>²⁰7</strong></span> 
     </span>
    </p>
   </div>
   <div class='ocr_carea' id='block_1_2' title="bbox 117 464 1157 1653">
    <p class='ocr_par' dir='ltr' id='par_1_2' title="bbox 122 464 1157 562">
     <span class='ocr_line' id='line_1_2' title="bbox 122 464 1157 562; baseline -0.007 -25"><span class='ocrx_word' id='word_1_6' title='bbox 122 471 234 536; x_wconf 69' lang='lat' dir='ltr'><strong>[arvus</strong></span> <span class='ocrx_word' id='word_1_7' title='bbox 250 466 353 536; x_wconf 77' lang='lat' dir='ltr'><strong>hebet</strong></span> <span class='ocrx_word' id='word_1_8' title='bbox 369 492 378 534; x_wconf 77' lang='grc' dir='ltr'><strong><em>ε</em></strong></span> <span class='ocrx_word' id='word_1_9' title='bbox 394 467 532 561; x_wconf 87' lang='lat' dir='ltr'><strong>jamque</strong></span> <span class='ocrx_word' id='word_1_10' title='bbox 547 490 628 534; x_wconf 82' lang='lat' dir='ltr'><strong>arva</strong></span> <span class='ocrx_word' id='word_1_11' title='bbox 646 464 752 562; x_wconf 80' lang='lat' dir='ltr'><strong>gradu</strong></span> <span class='ocrx_word' id='word_1_12' title='bbox 772 465 971 536; x_wconf 75' lang='lat' dir='ltr'><strong>Thoumesia</strong></span> <span class='ocrx_word' id='word_1_13' title='bbox 981 515 990 552; x_wconf 91' lang='lat'>,</span> <span class='ocrx_word' id='word_1_14' title='bbox 1009 473 1044 532; x_wconf 85' lang='lat' dir='ltr'><strong>et</strong></span> <span class='ocrx_word' id='word_1_15' title='bbox 1065 485 1157 531; x_wconf 87' lang='lat' dir='ltr'><strong>arces</strong></span> 
     </span>
    </p>

    <p class='ocr_par' dir='ltr' id='par_1_3' title="bbox 122 585 985 685">
     <span class='ocr_line' id='line_1_3' title="bbox 122 585 985 685; baseline -0.003 -28"><span class='ocrx_word' id='word_1_16' title='bbox 122 590 225 658; x_wconf 87' lang='lat' dir='ltr'><strong>Intrat</strong></span> <span class='ocrx_word' id='word_1_17' title='bbox 241 591 442 685; x_wconf 78' lang='lat' dir='ltr'><strong>Agenoreas.</strong></span> <span class='ocrx_word' id='word_1_18' title='bbox 460 585 513 658; x_wconf 87' lang='lat' dir='ltr'><strong>lbi</strong></span> <span class='ocrx_word' id='word_1_19' title='bbox 530 585 651 656; x_wconf 78' lang='lat' dir='ltr'><strong>dunum</strong></span> <span class='ocrx_word' id='word_1_20' title='bbox 668 585 825 657; x_wconf 79' lang='lat' dir='ltr'><strong>Eteoclea</strong></span> <span class='ocrx_word' id='word_1_21' title='bbox 842 587 948 656; x_wconf 87' lang='lat' dir='ltr'><strong>ceruit</strong></span> <span class='ocrx_word' id='word_1_22' title='bbox 981 605 985 622; x_wconf 68' lang='lat'>⁸</span> 
     </span>
    </p>

    <p class='ocr_par' dir='ltr' id='par_1_4' title="bbox 121 707 1000 803">
     <span class='ocr_line' id='line_1_4' title="bbox 121 707 1000 803; baseline -0.003 -25"><span class='ocrx_word' id='word_1_23' title='bbox 121 708 299 778; x_wconf 84' lang='lat' dir='ltr'><strong>Sublimem</strong></span> <span class='ocrx_word' id='word_1_24' title='bbox 317 707 422 797; x_wconf 86' lang='lat' dir='ltr'><strong>solio,</strong></span> <span class='ocrx_word' id='word_1_25' title='bbox 438 723 639 803; x_wconf 74' lang='lat' dir='ltr'>septumque</span> <span class='ocrx_word' id='word_1_26' title='bbox 655 707 871 778; x_wconf 77' lang='lat' dir='ltr'>horrentibus</span> <span class='ocrx_word' id='word_1_27' title='bbox 889 707 1000 777; x_wconf 80' lang='lat' dir='ltr'><strong>armis.</strong></span> 
     </span>
    </p>

    <p class='ocr_par' dir='ltr' id='par_1_5' title="bbox 121 821 1062 926">
     <span class='ocr_line' id='line_1_5' title="bbox 121 821 1062 926; baseline -0.001 -28"><span class='ocrx_word' id='word_1_28' title='bbox 121 833 198 899; x_wconf 81' lang='lat' dir='ltr'><strong>lura</strong></span> <span class='ocrx_word' id='word_1_29' title='bbox 215 829 305 900; x_wconf 82' lang='lat' dir='ltr'><strong>ferus</strong></span> <span class='ocrx_word' id='word_1_30' title='bbox 322 829 451 926; x_wconf 83' lang='lat' dir='ltr'><strong>populo</strong></span> <span class='ocrx_word' id='word_1_31' title='bbox 467 843 561 898; x_wconf 87' lang='lat' dir='ltr'><strong>trans</strong></span> <span class='ocrx_word' id='word_1_32' title='bbox 579 827 699 924; x_wconf 81' lang='lat' dir='ltr'><strong>legem,</strong></span> <span class='ocrx_word' id='word_1_33' title='bbox 716 853 757 898; x_wconf 89' lang='lat' dir='ltr'><strong>ac</strong></span> <span class='ocrx_word' id='word_1_34' title='bbox 775 837 928 924; x_wconf 84' lang='lat' dir='ltr'><strong>tempora</strong></span> <span class='ocrx_word' id='word_1_35' title='bbox 945 821 1062 923; x_wconf 78' lang='lat' dir='ltr'><strong>regni,</strong></span> 
     </span>
    </p>

    <p class='ocr_par' dir='ltr' id='par_1_6' title="bbox 119 946 1019 1045">
     <span class='ocr_line' id='line_1_6' title="bbox 119 946 1019 1045; baseline 0 -27"><span class='ocrx_word' id='word_1_36' title='bbox 119 953 189 1019; x_wconf 86' lang='lat' dir='ltr'><strong>Jam</strong></span> <span class='ocrx_word' id='word_1_37' title='bbox 205 950 319 1020; x_wconf 81' lang='lat' dir='ltr'><strong>fratris</strong></span> <span class='ocrx_word' id='word_1_38' title='bbox 337 946 378 1020; x_wconf 89' lang='lat' dir='ltr'><strong>de</strong></span> <span class='ocrx_word' id='word_1_39' title='bbox 395 964 492 1045; x_wconf 84' lang='lat' dir='ltr'><strong>parte</strong></span> <span class='ocrx_word' id='word_1_40' title='bbox 507 949 609 1018; x_wconf 82' lang='lat' dir='ltr'><strong>dabat</strong></span> <span class='ocrx_word' id='word_1_41' title='bbox 627 973 635 1017; x_wconf 76' lang='grc' dir='ltr'><strong>ε</strong></span> <span class='ocrx_word' id='word_1_42' title='bbox 654 949 747 1020; x_wconf 83' lang='lat' dir='ltr'><strong>sedet</strong></span> <span class='ocrx_word' id='word_1_43' title='bbox 762 971 862 1020; x_wconf 83' lang='lat' dir='ltr'><strong>omne</strong></span> <span class='ocrx_word' id='word_1_44' title='bbox 882 964 1019 1044; x_wconf 70' lang='lat' dir='ltr'><strong>paratus</strong></span> 
     </span>
    </p>

    <p class='ocr_par' dir='ltr' id='par_1_7' title="bbox 119 1068 1010 1262">
     <span class='ocr_line' id='line_1_7' title="bbox 119 1068 1010 1166; baseline 0.001 -28"><span class='ocrx_word' id='word_1_45' title='bbox 119 1071 155 1138; x_wconf 91' lang='lat' dir='ltr'><strong>lu</strong></span> <span class='ocrx_word' id='word_1_46' title='bbox 170 1069 317 1160; x_wconf 83' lang='lat' dir='ltr'><strong>facinus,</strong></span> <span class='ocrx_word' id='word_1_47' title='bbox 337 1071 558 1166; x_wconf 82' lang='lat' dir='ltr'><strong>queriturque</strong></span> <span class='ocrx_word' id='word_1_48' title='bbox 573 1068 675 1140; x_wconf 87' lang='lat' dir='ltr'><strong>lidem</strong></span> <span class='ocrx_word' id='word_1_49' title='bbox 692 1081 762 1140; x_wconf 87' lang='lat' dir='ltr'><strong>tam</strong></span> <span class='ocrx_word' id='word_1_50' title='bbox 780 1093 854 1140; x_wconf 85' lang='lat' dir='ltr'><strong>sero</strong></span> <span class='ocrx_word' id='word_1_51' title='bbox 871 1071 1010 1166; x_wconf 75' lang='lat' dir='ltr'><strong>reposci.</strong></span> 
     </span>
     <span class='ocr_line' id='line_1_8' title="bbox 162 1187 985 1262; baseline -0.005 0"><span class='ocrx_word' id='word_1_52' title='bbox 162 1191 325 1262; x_wconf 72' lang='lat' dir='ltr'><strong>Constitit</strong></span> <span class='ocrx_word' id='word_1_53' title='bbox 340 1191 376 1259; x_wconf 93' lang='lat' dir='ltr'><strong>in</strong></span> <span class='ocrx_word' id='word_1_54' title='bbox 395 1190 534 1260; x_wconf 86' lang='lat' dir='ltr'><strong>mediis:</strong></span> <span class='ocrx_word' id='word_1_55' title='bbox 548 1213 661 1260; x_wconf 87' lang='lat' dir='ltr'><strong>ramus</strong></span> <span class='ocrx_word' id='word_1_56' title='bbox 679 1189 871 1260; x_wconf 82' lang='lat' dir='ltr'><strong>manifestet</strong></span> <span class='ocrx_word' id='word_1_57' title='bbox 888 1187 985 1259; x_wconf 75' lang='lat' dir='ltr'><strong>ollvoe</strong></span> 
     </span>
    </p>

    <p class='ocr_par' dir='ltr' id='par_1_8' title="bbox 117 1312 936 1409">
     <span class='ocr_line' id='line_1_9' title="bbox 117 1312 936 1409; baseline -0.004 -26"><span class='ocrx_word' id='word_1_58' title='bbox 117 1315 298 1409; x_wconf 68' lang='lat' dir='ltr'><strong>legatum</strong></span> <span class='ocrx_word' id='word_1_59' title='bbox 314 1335 498 1408; x_wconf 78' lang='lat' dir='ltr'><strong>causasque</strong></span> <span class='ocrx_word' id='word_1_60' title='bbox 512 1312 575 1382; x_wconf 81' lang='lat' dir='ltr'><strong>riae</strong></span> <span class='ocrx_word' id='word_1_61' title='bbox 592 1335 782 1406; x_wconf 86' lang='lat' dir='ltr'><strong>nomenque</strong></span> <span class='ocrx_word' id='word_1_62' title='bbox 799 1325 936 1407; x_wconf 77' lang='lat' dir='ltr'><strong>rogatus</strong></span> 
     </span>
    </p>

    <p class='ocr_par' dir='ltr' id='par_1_9' title="bbox 117 1431 1106 1541">
     <span class='ocr_line' id='line_1_10' title="bbox 117 1431 1106 1541; baseline -0.002 -37"><span class='ocrx_word' id='word_1_63' title='bbox 117 1433 249 1504; x_wconf 84' lang='lat' dir='ltr'><strong>Edidit:</strong></span> <span class='ocrx_word' id='word_1_64' title='bbox 267 1449 373 1529; x_wconf 82' lang='lat' dir='ltr'><strong>utque</strong></span> <span class='ocrx_word' id='word_1_65' title='bbox 391 1433 487 1504; x_wconf 87' lang='lat' dir='ltr'><strong>rudis</strong></span> <span class='ocrx_word' id='word_1_66' title='bbox 502 1433 613 1524; x_wconf 82' lang='lat' dir='ltr'><strong>fundi,</strong></span> <span class='ocrx_word' id='word_1_67' title='bbox 632 1454 829 1529; x_wconf 86' lang='lat' dir='ltr'><strong>pronusque</strong></span> <span class='ocrx_word' id='word_1_68' title='bbox 846 1431 959 1541; x_wconf 29' lang='lat' dir='ltr'><strong>calori]</strong></span> <span class='ocrx_word' id='word_1_69' title='bbox 1100 1479 1106 1490; x_wconf 89' lang='lat'><em>·</em></span> 
     </span>
    </p>

    <p class='ocr_par' dir='ltr' id='par_1_10' title="bbox 118 1557 1056 1653">
     <span class='ocr_line' id='line_1_11' title="bbox 118 1557 1056 1653; baseline -0.005 -27"><span class='ocrx_word' id='word_1_70' title='bbox 118 1558 253 1653; x_wconf 83' lang='lat' dir='ltr'>Semper</span> <span class='ocrx_word' id='word_1_71' title='bbox 271 1570 360 1646; x_wconf 88' lang='lat' dir='ltr'><strong>erat,</strong></span> <span class='ocrx_word' id='word_1_72' title='bbox 376 1557 476 1651; x_wconf 73' lang='lat' dir='ltr'><strong>Justis</strong></span> <span class='ocrx_word' id='word_1_73' title='bbox 493 1557 634 1627; x_wconf 80' lang='lat' dir='ltr'><strong>miscens</strong></span> <span class='ocrx_word' id='word_1_74' title='bbox 651 1569 766 1626; x_wconf 81' lang='lat' dir='ltr'><strong>tamen</strong></span> <span class='ocrx_word' id='word_1_75' title='bbox 782 1563 916 1650; x_wconf 78' lang='lat' dir='ltr'><strong>aspera,</strong></span> <span class='ocrx_word' id='word_1_76' title='bbox 931 1557 1031 1650; x_wconf 85' lang='lat' dir='ltr'><strong>ooepit</strong></span> <span class='ocrx_word' id='word_1_77' title='bbox 1048 1579 1056 1621; x_wconf 89' lang='lat'>:</span> 
     </span>
    </p>
   </div>
   <div class='ocr_carea' id='block_1_3' title="bbox 25 1675 966 2135">
    <p class='ocr_par' dir='ltr' id='par_1_11' title="bbox 26 1675 960 1893">
     <span class='ocr_line' id='line_1_12' title="bbox 162 1675 960 1773; baseline 0.005 -31"><span class='ocrx_word' id='word_1_78' title='bbox 162 1708 179 1742; x_wconf 71' lang='grc' dir='ltr'>ι</span> <span class='ocrx_word' id='word_1_79' title='bbox 189 1679 224 1750; x_wconf 83' lang='lat' dir='ltr'><strong>Si</strong></span> <span class='ocrx_word' id='word_1_80' title='bbox 244 1677 305 1747; x_wconf 85' lang='lat' dir='ltr'><strong>tibi</strong></span> <span class='ocrx_word' id='word_1_81' title='bbox 322 1676 424 1773; x_wconf 85' lang='lat' dir='ltr'><strong>plana</strong></span> <span class='ocrx_word' id='word_1_82' title='bbox 439 1675 544 1767; x_wconf 69' lang='lat' dir='ltr'><strong>fides,</strong></span> <span class='ocrx_word' id='word_1_83' title='bbox 561 1691 597 1747; x_wconf 90' lang='lat' dir='ltr'><strong>et</strong></span> <span class='ocrx_word' id='word_1_84' title='bbox 613 1676 693 1747; x_wconf 86' lang='lat' dir='ltr'><strong>dicti</strong></span> <span class='ocrx_word' id='word_1_85' title='bbox 710 1700 793 1746; x_wconf 85' lang='lat' dir='ltr'><strong>cura</strong></span> <span class='ocrx_word' id='word_1_86' title='bbox 810 1691 960 1746; x_wconf 82' lang='lat' dir='ltr'><strong>maneret</strong></span> 
     </span>
     <span class='ocr_line' id='line_1_13' title="bbox 26 1795 920 1893; baseline 0.001 -27"><span class='ocrx_word' id='word_1_87' title='bbox 26 1798 27 1805; x_wconf 74' lang='grc'>’</span> <span class='ocrx_word' id='word_1_88' title='bbox 118 1796 274 1888; x_wconf 79' lang='lat' dir='ltr'><strong>Foederis,</strong></span> <span class='ocrx_word' id='word_1_89' title='bbox 290 1795 335 1867; x_wconf 79' lang='lat' dir='ltr'><strong>acl</strong></span> <span class='ocrx_word' id='word_1_90' title='bbox 350 1797 489 1868; x_wconf 72' lang='lat' dir='ltr'><strong>fratrem</strong></span> <span class='ocrx_word' id='word_1_91' title='bbox 505 1797 674 1893; x_wconf 84' lang='lat' dir='ltr'><strong>completo</strong></span> <span class='ocrx_word' id='word_1_92' title='bbox 690 1798 815 1892; x_wconf 84' lang='lat' dir='ltr'><strong>justius</strong></span> <span class='ocrx_word' id='word_1_93' title='bbox 830 1821 920 1867; x_wconf 87' lang='lat' dir='ltr'><strong>anno</strong></span> 
     </span>
    </p>

    <p class='ocr_par' dir='ltr' id='par_1_12' title="bbox 25 1918 873 2015">
     <span class='ocr_line' id='line_1_14' title="bbox 25 1918 873 2015; baseline 0 -27"><span class='ocrx_word' id='word_1_94' title='bbox 25 2010 26 2015; x_wconf 5' lang='grc' dir='ltr'>ἵ</span> <span class='ocrx_word' id='word_1_95' title='bbox 116 1921 253 2015; x_wconf 80' lang='lat' dir='ltr'><strong>legatos</strong></span> <span class='ocrx_word' id='word_1_96' title='bbox 269 1919 350 1990; x_wconf 89' lang='lat' dir='ltr'><strong>hinc</strong></span> <span class='ocrx_word' id='word_1_97' title='bbox 365 1919 416 1990; x_wconf 87' lang='lat' dir='ltr'><strong>ire</strong></span> <span class='ocrx_word' id='word_1_98' title='bbox 431 1918 514 2007; x_wconf 81' lang='lat' dir='ltr'><strong>fuit3</strong></span> <span class='ocrx_word' id='word_1_99' title='bbox 532 1933 632 2014; x_wconf 85' lang='lat' dir='ltr'><strong>teque</strong></span> <span class='ocrx_word' id='word_1_100' title='bbox 648 1918 767 1989; x_wconf 85' lang='lat' dir='ltr'><strong>ordine</strong></span> <span class='ocrx_word' id='word_1_101' title='bbox 780 1931 873 1988; x_wconf 84' lang='lat' dir='ltr'><strong>certo</strong></span> 
     </span>
    </p>

    <p class='ocr_par' dir='ltr' id='par_1_13' title="bbox 25 2022 966 2135">
     <span class='ocr_line' id='line_1_15' title="bbox 25 2022 966 2135; baseline 0.002 -28"><span class='ocrx_word' id='word_1_102' title='bbox 25 2022 26 2027; x_wconf 6' lang='grc' dir='ltr'>ἵ</span> <span class='ocrx_word' id='word_1_103' title='bbox 116 2041 295 2110; x_wconf 84' lang='lat' dir='ltr'><strong>Fortunam</strong></span> <span class='ocrx_word' id='word_1_104' title='bbox 310 2063 453 2129; x_wconf 82' lang='lat' dir='ltr'><strong>exuere,</strong></span> <span class='ocrx_word' id='word_1_105' title='bbox 470 2055 505 2110; x_wconf 80' lang='lat' dir='ltr'><strong>et</strong></span> <span class='ocrx_word' id='word_1_106' title='bbox 521 2038 633 2110; x_wconf 84' lang='lat' dir='ltr'><strong>letum</strong></span> <span class='ocrx_word' id='word_1_107' title='bbox 654 2038 825 2110; x_wconf 79' lang='lat' dir='ltr'><strong>discedere</strong></span> <span class='ocrx_word' id='word_1_108' title='bbox 841 2061 966 2135; x_wconf 78' lang='lat' dir='ltr'><strong>regu03</strong></span> 
     </span>
    </p>
   </div>
   <div class='ocr_carea' id='block_1_4' title="bbox 114 2161 1093 4081">
    <p class='ocr_par' dir='ltr' id='par_1_14' title="bbox 116 2161 1075 2258">
     <span class='ocr_line' id='line_1_16' title="bbox 116 2161 1075 2258; baseline 0.004 -29"><span class='ocrx_word' id='word_1_109' title='bbox 116 2161 161 2229; x_wconf 89' lang='lat' dir='ltr'><strong>Ut</strong></span> <span class='ocrx_word' id='word_1_110' title='bbox 176 2181 279 2257; x_wconf 81' lang='lat' dir='ltr'><strong>vagus</strong></span> <span class='ocrx_word' id='word_1_111' title='bbox 295 2161 353 2231; x_wconf 89' lang='lat' dir='ltr'><strong>ille</strong></span> <span class='ocrx_word' id='word_1_112' title='bbox 368 2161 447 2252; x_wconf 83' lang='lat' dir='ltr'><strong>diu,</strong></span> <span class='ocrx_word' id='word_1_113' title='bbox 466 2182 650 2258; x_wconf 65' lang='lat' dir='ltr'><strong>penusque</strong></span> <span class='ocrx_word' id='word_1_114' title='bbox 666 2161 759 2232; x_wconf 83' lang='lat' dir='ltr'><strong>houd</strong></span> <span class='ocrx_word' id='word_1_115' title='bbox 777 2161 879 2258; x_wconf 76' lang='lat' dir='ltr'><strong>digua</strong></span> <span class='ocrx_word' id='word_1_116' title='bbox 896 2185 957 2258; x_wconf 82' lang='lat' dir='ltr'><strong>per</strong></span> <span class='ocrx_word' id='word_1_117' title='bbox 974 2161 1075 2233; x_wconf 84' lang='lat' dir='ltr'><strong>urbes</strong></span> 
     </span>
    </p>

    <p class='ocr_par' dir='ltr' id='par_1_15' title="bbox 115 2281 864 2379">
     <span class='ocr_line' id='line_1_17' title="bbox 115 2281 864 2379; baseline 0 -27"><span class='ocrx_word' id='word_1_118' title='bbox 115 2284 262 2376; x_wconf 72' lang='lat' dir='ltr'><strong>Ignem,</strong></span> <span class='ocrx_word' id='word_1_119' title='bbox 279 2297 385 2379; x_wconf 71' lang='lat' dir='ltr'><strong>pactae</strong></span> <span class='ocrx_word' id='word_1_120' title='bbox 404 2283 541 2354; x_wconf 84' lang='lat' dir='ltr'><strong>tandem</strong></span> <span class='ocrx_word' id='word_1_121' title='bbox 557 2281 751 2354; x_wconf 72' lang='lat' dir='ltr'><strong>succederet</strong></span> <span class='ocrx_word' id='word_1_122' title='bbox 770 2284 864 2354; x_wconf 79' lang='lat' dir='ltr'><strong>auloe.</strong></span> 
     </span>
    </p>

    <p class='ocr_par' dir='ltr' id='par_1_16' title="bbox 115 2402 1066 2503">
     <span class='ocr_line' id='line_1_18' title="bbox 115 2402 1066 2503; baseline 0.003 -31"><span class='ocrx_word' id='word_1_123' title='bbox 115 2402 178 2472; x_wconf 87' lang='lat' dir='ltr'><strong>Sed</strong></span> <span class='ocrx_word' id='word_1_124' title='bbox 194 2404 274 2501; x_wconf 76' lang='lat' dir='ltr'><strong>quia</strong></span> <span class='ocrx_word' id='word_1_125' title='bbox 290 2403 398 2477; x_wconf 87' lang='lat' dir='ltr'><strong>dulcis</strong></span> <span class='ocrx_word' id='word_1_126' title='bbox 414 2427 510 2477; x_wconf 83' lang='lat' dir='ltr'><strong>amor</strong></span> <span class='ocrx_word' id='word_1_127' title='bbox 527 2409 642 2503; x_wconf 82' lang='lat' dir='ltr'><strong>regui,</strong></span> <span class='ocrx_word' id='word_1_128' title='bbox 658 2404 887 2501; x_wconf 86' lang='lat' dir='ltr'><strong>blandumque</strong></span> <span class='ocrx_word' id='word_1_129' title='bbox 903 2417 1066 2502; x_wconf 82' lang='lat' dir='ltr'><strong>potestas,</strong></span> 
     </span>
    </p>

    <p class='ocr_par' dir='ltr' id='par_1_17' title="bbox 115 2512 987 2623">
     <span class='ocr_line' id='line_1_19' title="bbox 115 2512 987 2623; baseline 0.003 -28"><span class='ocrx_word' id='word_1_130' title='bbox 115 2528 258 2597; x_wconf 82' lang='lat' dir='ltr'><strong>Posceris</strong></span> <span class='ocrx_word' id='word_1_131' title='bbox 273 2554 282 2597; x_wconf 75' lang='grc' dir='ltr'><strong><em>ε</em></strong></span> <span class='ocrx_word' id='word_1_132' title='bbox 298 2527 490 2599; x_wconf 82' lang='lat' dir='ltr'><strong>astriferum</strong></span> <span class='ocrx_word' id='word_1_133' title='bbox 506 2524 605 2597; x_wconf 83' lang='lat' dir='ltr'><strong>velox</strong></span> <span class='ocrx_word' id='word_1_134' title='bbox 618 2529 689 2623; x_wconf 82' lang='lat' dir='ltr'><strong>jam</strong></span> <span class='ocrx_word' id='word_1_135' title='bbox 703 2524 850 2597; x_wconf 87' lang='lat' dir='ltr'><strong>circulus</strong></span> <span class='ocrx_word' id='word_1_136' title='bbox 863 2512 987 2598; x_wconf 54' lang='lat' dir='ltr'><strong>*orbem</strong></span> 
     </span>
    </p>

    <p class='ocr_par' dir='ltr' id='par_1_18' title="bbox 114 2646 965 2737">
     <span class='ocr_line' id='line_1_20' title="bbox 114 2646 965 2737; baseline 0.004 -23"><span class='ocrx_word' id='word_1_137' title='bbox 114 2648 235 2737; x_wconf 82' lang='lat' dir='ltr'><strong>Torsit,</strong></span> <span class='ocrx_word' id='word_1_138' title='bbox 252 2663 289 2719; x_wconf 89' lang='lat' dir='ltr'><strong>et</strong></span> <span class='ocrx_word' id='word_1_139' title='bbox 303 2650 433 2719; x_wconf 72' lang='lat' dir='ltr'><strong>amissa</strong></span> <span class='ocrx_word' id='word_1_140' title='bbox 446 2647 618 2719; x_wconf 78' lang='lat' dir='ltr'><strong>redictum</strong></span> <span class='ocrx_word' id='word_1_141' title='bbox 631 2648 803 2719; x_wconf 82' lang='lat' dir='ltr'><strong>montibus</strong></span> <span class='ocrx_word' id='word_1_142' title='bbox 822 2646 965 2737; x_wconf 85' lang='lat' dir='ltr'><strong>umbrae,</strong></span> 
     </span>
    </p>

    <p class='ocr_par' dir='ltr' id='par_1_19' title="bbox 115 2768 985 2867">
     <span class='ocr_line' id='line_1_21' title="bbox 115 2768 985 2867; baseline 0.005 -32"><span class='ocrx_word' id='word_1_143' title='bbox 115 2768 160 2835; x_wconf 85' lang='lat' dir='ltr'><strong>Ex</strong></span> <span class='ocrx_word' id='word_1_144' title='bbox 178 2794 245 2864; x_wconf 92' lang='lat' dir='ltr'><strong>quo</strong></span> <span class='ocrx_word' id='word_1_145' title='bbox 266 2769 371 2840; x_wconf 86' lang='lat' dir='ltr'><strong>frater</strong></span> <span class='ocrx_word' id='word_1_146' title='bbox 387 2770 502 2866; x_wconf 79' lang='lat' dir='ltr'><strong>inops,</strong></span> <span class='ocrx_word' id='word_1_147' title='bbox 517 2770 635 2867; x_wconf 86' lang='lat' dir='ltr'><strong>ignota</strong></span> <span class='ocrx_word' id='word_1_148' title='bbox 650 2791 712 2865; x_wconf 87' lang='lat' dir='ltr'><strong>per</strong></span> <span class='ocrx_word' id='word_1_149' title='bbox 727 2769 854 2865; x_wconf 88' lang='lat' dir='ltr'><strong>oppida</strong></span> <span class='ocrx_word' id='word_1_150' title='bbox 874 2770 985 2839; x_wconf 80' lang='lat' dir='ltr'><strong>tristes</strong></span> 
     </span>
    </p>

    <p class='ocr_par' dir='ltr' id='par_1_20' title="bbox 115 2887 911 2987">
     <span class='ocr_line' id='line_1_22' title="bbox 115 2887 911 2987; baseline 0 -27"><span class='ocrx_word' id='word_1_151' title='bbox 115 2887 211 2961; x_wconf 81' lang='lat' dir='ltr'><strong>Exsul</strong></span> <span class='ocrx_word' id='word_1_152' title='bbox 229 2892 303 2987; x_wconf 77' lang='lat' dir='ltr'><strong>agit</strong></span> <span class='ocrx_word' id='word_1_153' title='bbox 319 2914 435 2981; x_wconf 83' lang='lat' dir='ltr'><strong>casus3</strong></span> <span class='ocrx_word' id='word_1_154' title='bbox 452 2904 488 2961; x_wconf 88' lang='lat' dir='ltr'><strong>et</strong></span> <span class='ocrx_word' id='word_1_155' title='bbox 505 2904 539 2960; x_wconf 83' lang='lat' dir='ltr'><strong>te</strong></span> <span class='ocrx_word' id='word_1_156' title='bbox 551 2890 624 2986; x_wconf 85' lang='lat' dir='ltr'><strong>jam</strong></span> <span class='ocrx_word' id='word_1_157' title='bbox 641 2901 775 2986; x_wconf 85' lang='lat' dir='ltr'><strong>tempus</strong></span> <span class='ocrx_word' id='word_1_158' title='bbox 793 2906 911 2986; x_wconf 84' lang='lat' dir='ltr'><strong>aperto</strong></span> 
     </span>
    </p>

    <p class='ocr_par' dir='ltr' id='par_1_21' title="bbox 115 3010 1012 3107">
     <span class='ocr_line' id='line_1_23' title="bbox 115 3010 1012 3107; baseline 0.004 -30"><span class='ocrx_word' id='word_1_159' title='bbox 115 3010 179 3079; x_wconf 84' lang='lat' dir='ltr'><strong>Sub</strong></span> <span class='ocrx_word' id='word_1_160' title='bbox 193 3014 275 3082; x_wconf 85' lang='lat' dir='ltr'><strong>Jove</strong></span> <span class='ocrx_word' id='word_1_161' title='bbox 291 3010 379 3081; x_wconf 77' lang='lat' dir='ltr'><strong>ferre</strong></span> <span class='ocrx_word' id='word_1_162' title='bbox 395 3011 480 3100; x_wconf 81' lang='lat' dir='ltr'><strong>(lies,</strong></span> <span class='ocrx_word' id='word_1_163' title='bbox 497 3025 698 3107; x_wconf 81' lang='lat' dir='ltr'><strong>terrenaque</strong></span> <span class='ocrx_word' id='word_1_164' title='bbox 712 3011 839 3107; x_wconf 75' lang='lat' dir='ltr'><strong>frigora</strong></span> <span class='ocrx_word' id='word_1_165' title='bbox 853 3012 1012 3083; x_wconf 87' lang='lat' dir='ltr'><strong>membris</strong></span> 
     </span>
    </p>

    <p class='ocr_par' dir='ltr' id='par_1_22' title="bbox 116 3132 1011 3228">
     <span class='ocr_line' id='line_1_24' title="bbox 116 3132 1011 3228; baseline 0.002 -26"><span class='ocrx_word' id='word_1_166' title='bbox 116 3132 259 3222; x_wconf 87' lang='lat' dir='ltr'><strong>Ducere,</strong></span> <span class='ocrx_word' id='word_1_167' title='bbox 275 3147 310 3203; x_wconf 86' lang='lat' dir='ltr'><strong>et</strong></span> <span class='ocrx_word' id='word_1_168' title='bbox 325 3147 481 3204; x_wconf 81' lang='lat' dir='ltr'><strong>externos</strong></span> <span class='ocrx_word' id='word_1_169' title='bbox 497 3133 702 3204; x_wconf 85' lang='lat' dir='ltr'><strong>submissum</strong></span> <span class='ocrx_word' id='word_1_170' title='bbox 718 3134 847 3203; x_wconf 76' lang='lat' dir='ltr'><strong>ambire</strong></span> <span class='ocrx_word' id='word_1_171' title='bbox 864 3149 1011 3228; x_wconf 83' lang='lat' dir='ltr'><strong>penates.</strong></span> 
     </span>
    </p>

    <p class='ocr_par' dir='ltr' id='par_1_23' title="bbox 115 3252 963 3342">
     <span class='ocr_line' id='line_1_25' title="bbox 115 3252 963 3342; baseline 0.004 -22"><span class='ocrx_word' id='word_1_172' title='bbox 115 3252 199 3323; x_wconf 86' lang='lat' dir='ltr'><strong>Pone</strong></span> <span class='ocrx_word' id='word_1_173' title='bbox 212 3252 353 3324; x_wconf 83' lang='lat' dir='ltr'><strong>modrnn</strong></span> <span class='ocrx_word' id='word_1_174' title='bbox 369 3252 452 3325; x_wconf 74' lang='lat' dir='ltr'><strong>laetis</strong></span> <span class='ocrx_word' id='word_1_175' title='bbox 467 3281 476 3324; x_wconf 92' lang='lat'><strong>:</strong></span> <span class='ocrx_word' id='word_1_176' title='bbox 493 3256 574 3325; x_wconf 81' lang='lat' dir='ltr'><strong>eutis</strong></span> <span class='ocrx_word' id='word_1_177' title='bbox 591 3278 675 3325; x_wconf 87' lang='lat' dir='ltr'><strong>auro</strong></span> <span class='ocrx_word' id='word_1_178' title='bbox 692 3254 802 3342; x_wconf 81' lang='lat' dir='ltr'><strong>dives,</strong></span> <span class='ocrx_word' id='word_1_179' title='bbox 821 3266 854 3323; x_wconf 93' lang='lat' dir='ltr'><strong>et</strong></span> <span class='ocrx_word' id='word_1_180' title='bbox 870 3268 963 3324; x_wconf 82' lang='lat' dir='ltr'><strong>ostro</strong></span> 
     </span>
    </p>

    <p class='ocr_par' dir='ltr' id='par_1_24' title="bbox 115 3375 969 3475">
     <span class='ocr_line' id='line_1_26' title="bbox 115 3375 969 3475; baseline 0 -30"><span class='ocrx_word' id='word_1_181' title='bbox 115 3375 334 3471; x_wconf 75' lang='lat' dir='ltr'><strong>Conspicuus,</strong></span> <span class='ocrx_word' id='word_1_182' title='bbox 350 3390 485 3448; x_wconf 86' lang='lat' dir='ltr'><strong>tenuem</strong></span> <span class='ocrx_word' id='word_1_183' title='bbox 504 3377 656 3475; x_wconf 77' lang='lat' dir='ltr'><strong>germani</strong></span> <span class='ocrx_word' id='word_1_184' title='bbox 671 3376 829 3473; x_wconf 85' lang='lat' dir='ltr'><strong>pauperis</strong></span> <span class='ocrx_word' id='word_1_185' title='bbox 843 3400 969 3445; x_wconf 88' lang='lat' dir='ltr'><strong>anuum</strong></span> 
     </span>
    </p>

    <p class='ocr_par' dir='ltr' id='par_1_25' title="bbox 115 3497 842 3595">
     <span class='ocr_line' id='line_1_27' title="bbox 115 3497 842 3595; baseline 0.001 -28"><span class='ocrx_word' id='word_1_186' title='bbox 115 3497 223 3568; x_wconf 87' lang='lat' dir='ltr'><strong>Risisti</strong></span> <span class='ocrx_word' id='word_1_187' title='bbox 239 3526 248 3568; x_wconf 78' lang='lat' dir='ltr'><strong><em>z</em></strong></span> <span class='ocrx_word' id='word_1_188' title='bbox 264 3522 389 3569; x_wconf 87' lang='lat' dir='ltr'><strong>moneo</strong></span> <span class='ocrx_word' id='word_1_189' title='bbox 404 3522 586 3595; x_wconf 81' lang='lat' dir='ltr'><strong>regnorum</strong></span> <span class='ocrx_word' id='word_1_190' title='bbox 603 3498 726 3594; x_wconf 81' lang='lat' dir='ltr'><strong>gaudia</strong></span> <span class='ocrx_word' id='word_1_191' title='bbox 742 3511 842 3568; x_wconf 89' lang='lat' dir='ltr'><strong>temet</strong></span> 
     </span>
    </p>

    <p class='ocr_par' dir='ltr' id='par_1_26' title="bbox 114 3618 1093 3836">
     <span class='ocr_line' id='line_1_28' title="bbox 114 3618 962 3717; baseline 0 -28"><span class='ocrx_word' id='word_1_192' title='bbox 114 3618 295 3711; x_wconf 84' lang='lat' dir='ltr'><strong>Dedoceas,</strong></span> <span class='ocrx_word' id='word_1_193' title='bbox 315 3623 515 3717; x_wconf 83' lang='lat' dir='ltr'><strong>patiensque</strong></span> <span class='ocrx_word' id='word_1_194' title='bbox 531 3620 619 3717; x_wconf 73' lang='lat' dir='ltr'><strong>fingar</strong></span> <span class='ocrx_word' id='word_1_195' title='bbox 635 3642 786 3689; x_wconf 82' lang='lat' dir='ltr'><strong>mereare</strong></span> <span class='ocrx_word' id='word_1_196' title='bbox 802 3620 962 3690; x_wconf 79' lang='lat' dir='ltr'><strong>reverti.»</strong></span> 
     </span>
     <span class='ocr_line' id='line_1_29' title="bbox 158 3740 1093 3836; baseline -0.002 -24"><span class='ocrx_word' id='word_1_197' title='bbox 158 3744 319 3814; x_wconf 82' lang='lat' dir='ltr'><strong>Dixerat:</strong></span> <span class='ocrx_word' id='word_1_198' title='bbox 338 3758 390 3814; x_wconf 85' lang='lat' dir='ltr'><strong>ast</strong></span> <span class='ocrx_word' id='word_1_199' title='bbox 405 3740 456 3813; x_wconf 88' lang='lat' dir='ltr'><strong>illi</strong></span> <span class='ocrx_word' id='word_1_200' title='bbox 472 3748 576 3813; x_wconf 85' lang='lat' dir='ltr'><strong>tacito</strong></span> <span class='ocrx_word' id='word_1_201' title='bbox 594 3741 657 3812; x_wconf 85' lang='lat' dir='ltr'><strong>sub</strong></span> <span class='ocrx_word' id='word_1_202' title='bbox 673 3756 812 3836; x_wconf 86' lang='lat' dir='ltr'><strong>pectore</strong></span> <span class='ocrx_word' id='word_1_203' title='bbox 826 3740 955 3811; x_wconf 86' lang='lat' dir='ltr'><strong>dudum</strong></span> <span class='ocrx_word' id='word_1_204' title='bbox 1092 3756 1093 3761; x_wconf 76' lang='grc'>’</span> 
     </span>
    </p>

    <p class='ocr_par' dir='ltr' id='par_1_27' title="bbox 115 3860 959 3959">
     <span class='ocr_line' id='line_1_30' title="bbox 115 3860 959 3959; baseline 0.007 -32"><span class='ocrx_word' id='word_1_205' title='bbox 115 3863 212 3955; x_wconf 82' lang='lat' dir='ltr'><strong>Ignea</strong></span> <span class='ocrx_word' id='word_1_206' title='bbox 228 3864 331 3935; x_wconf 83' lang='lat' dir='ltr'><strong>corda</strong></span> <span class='ocrx_word' id='word_1_207' title='bbox 347 3865 516 3953; x_wconf 73' lang='lat' dir='ltr'><strong>fremunt3</strong></span> <span class='ocrx_word' id='word_1_208' title='bbox 528 3864 622 3959; x_wconf 87' lang='lat' dir='ltr'><strong>jacto</strong></span> <span class='ocrx_word' id='word_1_209' title='bbox 637 3860 732 3933; x_wconf 85' lang='lat' dir='ltr'><strong>velut</strong></span> <span class='ocrx_word' id='word_1_210' title='bbox 745 3886 862 3958; x_wconf 86' lang='lat' dir='ltr'><strong>aspera</strong></span> <span class='ocrx_word' id='word_1_211' title='bbox 878 3884 959 3933; x_wconf 82' lang='lat' dir='ltr'><strong>saxo</strong></span> 
     </span>
    </p>

    <p class='ocr_par' dir='ltr' id='par_1_28' title="bbox 117 3985 938 4081">
     <span class='ocr_line' id='line_1_31' title="bbox 117 3985 938 4081; baseline 0.001 -30"><span class='ocrx_word' id='word_1_212' title='bbox 117 3985 272 4055; x_wconf 84' lang='lat' dir='ltr'><strong>Cominus</strong></span> <span class='ocrx_word' id='word_1_213' title='bbox 291 3988 433 4081; x_wconf 81' lang='lat' dir='ltr'><strong>erigitur</strong></span> <span class='ocrx_word' id='word_1_214' title='bbox 449 4010 601 4081; x_wconf 80' lang='lat' dir='ltr'><strong>serpeus,</strong></span> <span class='ocrx_word' id='word_1_215' title='bbox 617 3988 672 4056; x_wconf 88' lang='lat' dir='ltr'><strong>cui</strong></span> <span class='ocrx_word' id='word_1_216' title='bbox 690 3985 806 4055; x_wconf 80' lang='lat' dir='ltr'><strong>subter</strong></span> <span class='ocrx_word' id='word_1_217' title='bbox 823 3986 938 4053; x_wconf 85' lang='lat' dir='ltr'><strong>inanes</strong></span> 
     </span>
    </p>
   </div>
   <div class='ocr_carea' id='block_1_5' title="bbox 0 0 1472 4950">
    <p class='ocr_par' dir='ltr' id='par_1_29' title="bbox 0 0 1472 4950">
     <span class='ocr_line' id='line_1_32' title="bbox 0 0 1472 4950; baseline 0 3"><span class='ocrx_word' id='word_1_218' title='bbox 0 0 1472 4950; x_wconf 95' lang='lat' dir='ltr'><strong> </strong></span> 
     </span>
    </p>
   </div>
  </div>
 </body>
</html>
