2934 4950
344 312 398 377 334
719 309 1016 367 anno‘rfflottts

385 426 516 499 Quosque
528 427 594 500 ipro
602 427 683 502 polis
701 425 843 498 affixerat
857 426 938 502 igrm
960 421 1001 501 (r.
1022 421 1101 500 637).
1120 421 1244 478 «Stellas
1266 421 1396 476 vinorum

343 517 460 574 sortium
476 518 547 575 dicit
562 518 719 576 transeunti
731 519 872 574 honorem
885 517 993 573 referre
1006 515 1106 574 virtuti
1119 515 1172 593 [sic
1186 533 1204 570 e
1218 513 1312 590 ml,
1328 516 1399 588 qu'n

344 608 431 683 ipsius
444 609 548 667 merito
568 612 755 686 possederant
774 612 885 666 coelum.
904 609 980 665 Dicit
994 619 1091 664 autem
1106 609 1261 676 Liberum,
1281 609 1399 662 Herem

343 705 414 776 lem,
429 707 591 778 Castorem,
604 705 765 776 Pollucem,
779 721 855 779 quos
866 705 972 759 ardens
985 704 1077 758 evexit
1089 705 1133 758 ad
1142 702 1254 758 oetkem
1274 705 1401 758 virm.-

790 802 796 807 '
1227 795 1324 850 Lacr.

385 893 539 965 Responsr's
554 889 593 968 (v.
608 889 687 968 640).
708 893 821 963 Majore
841 891 1023 946 «inductione
1040 889 1134 964 posita
1156 889 1185 944 in
1203 886 1264 945 fine
1282 906 1400 964 praue·

344 983 436 1040 dentis
450 1002 549 1042 versus
567 985 720 1059 legendum
733 983 850 1040 videtur
863 1003 898 1040 ex
913 987 968 1040 ΜΒ
983 1003 991 1039 2
1007 1008 1019 1033 a
1035 1001 1110 1057 resp.
1122 985 1264 1059 ¹utplona
1279 980 1356 1058 [sic,
1375 984 1402 1036 ni

344 1077 437 1149 fallor,
456 1077 563 1134 Barthii
584 1097 682 1135 omnes
705 1088 733 1134 et
752 1079 787 1133 al.
808 1097 868 1134 non
885 1075 982 1154 pauci]
1002 1075 1074 1134 fides
1091 1073 1197 1155 (esset),
1213 1075 1274 1130 hoc
1293 1075 1403 1132 fraude

344 1169 491 1243 priorem

385 1264 572 1338 Magrrant'me
592 1283 610 1320 ο
632 1263 746 1335 juvenis
762 1263 802 1344 (r.
824 1261 903 1340 662).
927 1263 1044 1337 Optime
1064 1263 1120 1318 ΜΒ
1140 1282 1149 1317 2
1173 1259 1404 1331 «ajorum»

284 1355 287 1364 '
345 1357 424 1413 Idem
440 1377 466 1412 v.
488 1358 563 1428 668,
578 1359 672 1414 cuncti
683 1376 740 1431 pro
753 1370 860 1413 cuncto.

385 1450 530 1526 Armr'gerr'
540 1451 655 1523 sessum
678 1450 825 1527 exspuunt
840 1446 879 1527 (r.
895 1447 975 1526 683).
996 1451 1051 1505 ΜΒ
1073 1457 1101 1504 et
1121 1446 1281 1516 altisoni,
1308 1445 1367 1502 sed
1387 1446 1404 1500 ii

344 1561 404 1597 non
422 1562 536 1615 omnes,
544 1544 639 1616 fixum
646 1584 656 1611 ,
678 1544 714 1600 de
728 1548 825 1620 Agreo
839 1542 1036 1617 intelligentes.
1051 1541 1156 1616 Aptius
1167 1541 1347 1596 Menoeoeus
1361 1540 1405 1594 hit

344 1647 527 1708 memoratur,
545 1647 578 1694 ut
591 1639 719 1694 Gronov.
735 1637 884 1704 observat,
897 1659 911 1686 «ι
923 1654 1009 1709 quem
1024 1633 1156 1708 armigeri
1167 1643 1195 1689 et
1209 1629 1404 1690 officiosioo-

345 1729 427 1784 mites
440 1729 488 1784 alii
503 1731 627 1804 acceptis
649 1731 686 1786 ab
703 1748 739 1786 eo
755 1729 840 1785 armis
853 1728 990 1799 levarim,
1012 1727 1060 1782 alii
1079 1727 1179 1784 dextra
1191 1725 1259 1780 data
1276 1737 1338 1782 aut
1350 1726 1404 1781 hu·

346 1821 431 1876 meris
453 1822 551 1878 manui
570 1823 726 1897 suppositis
744 1822 874 1877 innixum
890 1839 946 1894 pro
962 1839 1044 1876 more
1062 1819 1226 1894 principum
1245 1819 1401 1874 sustinue-

345 1914 417 1985 rint,
432 1913 479 1972 alii
493 1915 574 1970 aliter
588 1915 733 1989 prosecuti
747 1915 833 1970 sinti

388 2020 480 2090 Quum
493 2023 605 2096 genr't0r
616 2019 654 2098 (v.
670 2020 727 2076 688
747 2018 811 2097 sq.).
826 2019 982 2091 Abrumpit
994 2019 1042 2074 hic
1055 2036 1215 2074 sermonem
1230 2017 1274 2072 ob
1290 2036 1403 2093 parm-

347 2112 439 2168 thesin
454 2133 460 2167 :
480 2113 530 2169 sed
545 2133 603 2188 seq.
613 2132 711 2183 vorsu,
730 2133 820 2187 quum
835 2131 909 2168 nova
924 2111 1072 2166 accesserit
1085 2108 1276 2182 noti0,finita
1291 2130 1401 2184 pareu-

346 2205 417 2260 thesi
432 2207 593 2264 orationem
606 2206 721 2278 subjicit
739 2206 889 2281 integram.
905 2207 1033 2262 Gronov.
1048 2204 1150 2262 maluit
1165 2205 1288 2280 utn'que.

387 2313 552 2388 Dignantur
569 2310 607 2390 (r.
625 2310 704 2390 697).
723 2313 807 2368 Malit
828 2312 992 2368 Valckenar.
1014 2311 1053 2368 ad
1079 2313 1147 2368 Eur.
1166 2311 1291 2381 Pham,
1318 2311 1401 2388 978:

346 2407 505 2481 dignentur,
521 2406 635 2463 frustra.

387 2502 430 2557 Et
439 2503 480 2557 sis
494 2502 556 2574 ipse
569 2521 679 2577 parens
692 2500 731 2580 (v.
750 2499 829 2579 7⁰7)·
844 2502 900 2557 ΜΒ
916 2520 923 2553 :
939 2523 952 2550 κ
962 2499 999 2557 sis
1014 2513 1044 2556 ut
1057 2512 1085 2555 et
1097 2499 1158 2573 ipse
1172 2515 1202 2573 p.
1219 2522 1234 2547 ι

385 2608 418 2662 Si
429 2609 528 2683 pudor
540 2621 583 2663 est
594 2606 631 2685 (v.
647 2606 725 2684 pro).
745 2609 799 2662 ΜΒ
814 2618 842 2663 et
859 2625 875 2661 a
892 2608 929 2661 al.
945 2626 952 2658 τ
968 2607 1136 2662 «sicemrm
1155 2614 1204 2660 est
1222 2629 1236 2653 ι

386 2715 423 2769 In
436 2725 525 2769 morte
540 2716 659 2771 hrtentes
677 2712 715 2791 (v.
733 2712 809 2787 7¹²)·
828 2715 899 2769 Tres
915 2713 1003 2770 iidem
1020 2722 1099 2769 recte
1116 2710 1268 2783 :jacentes
1291 2732 1302 2765 :
1326 2712 1399 2768 «hoc

349 2818 389 2862 est
404 2825 469 2862 curn
483 2825 606 2880 corpore
620 2808 804 2863 intereuntes.
823 2804 928 2860 Gloriae
941 2806 1038 2863 studio
1052 2804 1168 2878 praet'ert
1180 2822 1277 2859 veram
1302 2816 1334 2860 et
1353 2824 1397 2859 so-
1462 2869 1463 2892 Χ

346 2899 434 2956 lidum
447 2899 591 2973 pietatem.
608 2926 619 2951 r
636 2904 744 2955 Basra.
1005 2910 1007 2914 ’

387 2974 548 3067 Avertitque
561 2995 689 3049 timorem
703 2992 742 3070 (v.
758 2991 836 3069 7²¹)·
851 2996 907 3049 ΜΒ
922 3003 950 3047 et
966 2990 1038 3046 alius
1053 3012 1059 3044 :
1075 2992 1182 3045 timere.

386 3098 526 3155 Echiona
540 3102 578 3176 (v.
591 3100 668 3175 734).
685 3100 730 3156 Sic
750 3099 816 3155 edd.
832 3111 900 3156 vett.
915 3110 944 3154 et
964 3098 1076 3173 aliquot
1096 3094 1183 3152 codd.
1199 3094 1279 3165 Quid
1295 3095 1330 3150 in
1344 3095 1398 3151 suis

346 3193 498 3264 invenerit,
519 3205 593 3249 tacet
612 3194 707 3251 Barth.
734 3196 863 3249 Gronov.
893 3213 899 3247 :
922 3192 1063 3257 tertona,
1092 3185 1212 3251 Βετίωνα.
1240 3188 1302 3245 Sed
1332 3188 1397 3243 fort.

347 3286 499 3355 Echione,
517 3298 549 3341 ut
567 3287 597 3343 in
616 3286 715 3375 Behot.
733 3304 768 3358 ας
782 3306 808 3341 v.
828 3286 867 3342 ad
884 3304 932 3357 vr,
952 3283 1018 3351 465.
1136 3338 1139 3341 ,

389 3392 498 3465 Supero
512 3393 650 3475 demissus
664 3392 702 3447 ab
715 3411 776 3447 axe
788 3390 828 3469 (r.
849 3389 926 3469 758).
951 3414 967 3443 a
977 3393 1011 3446 ln
1026 3376 1086 3465 opt.
1106 3390 1221 3462 alioque
1241 3406 1304 3443 uuo
1323 3387 1396 3441 libro

347 3484 450 3540 diserte
469 3485 597 3561 legitur:
616 3510 628 3534 «ι
640 3504 746 3559 supero
762 3484 899 3541 demissus
916 3484 954 3541 ab
976 3503 1043 3539 arce
1062 3503 1097 3537 :s
1116 3479 1200 3555 quod
1217 3498 1281 3535 non
1297 3490 1342 3535 est
1359 3478 1395 3534 li-

348 3577 518 3634 brariorum.
527 3603 540 3629 n
555 3582 664 3634 Birra.
673 3612 712 3621 —
721 3578 812 3635 Iidem
826 3577 894 3635 iibri
907 3596 967 3651 seq.
976 3597 1020 3632 ιε
1031 3602 1043 3626 ι
1052 3575 1187 3633 Constitit
1195 3585 1223 3629 et
1230 3575 1330 3629 demta
1338 3592 1395 3627 m.»

390 3684 458 3740 Toto
471 3704 537 3760 quoe
549 3687 688 3760 sanguine
703 3686 741 3761 (v.
755 3682 832 3762 764).
847 3686 916 3741 Non
927 3683 1038 3741 felicius
1050 3682 1187 3739 Valcken.
1202 3682 1222 3735 l.
1231 3700 1272 3747 o,
1281 3698 1309 3735 r.
1320 3676 1394 3753 955:

348 3800 359 3825 s
375 3790 443 3834 voto
459 3796 488 3853 q.
503 3799 524 3834 s.
534 3802 549 3829 a

389 3874 483 3946 Atque
501 3891 556 3927 uno
570 3871 608 3949 (v.
626 3870 703 3949 776).
721 3890 737 3927 a
752 3872 863 3927 Behott.
881 3892 888 3926 τ
903 3874 1012 3947 «inque
1030 3890 1100 3927 uno.
1113 3896 1124 3919 υ
1139 3902 1179 3912 -
1193 3870 1261 3943 Seq.
1273 3888 1300 3922 v.
1316 3866 1393 3923 deest

348 3964 377 4019 in
392 3967 446 4021 ΜΒ
462 3966 559 4021 etalio
576 3967 687 4038 Barth.‚
702 3982 861 4041 perperam.
