2934 4950
353 507 408 545 ιη
712 491 743 547 r.
765 489 890 546 runnu
910 489 1034 544 sraru
1303 490 1336 554 (v.
1349 496 1422 557 ιο.)

350 613 497 700 Oderat,
518 627 553 682 et
572 636 677 707 quum
698 611 831 708 epulas,
849 630 882 684 et
900 637 1004 705 quum
1024 614 1144 682 Lenaea
1162 611 1287 686 dicaret

350 737 468 819 Dona,
487 737 579 803 Deru
600 735 717 804 castris
734 758 877 804 moerens
898 757 1009 806 comes
1029 733 1095 802 isse
1114 731 1285 818 nefandiu;

348 853 517 948 Praecipue
532 879 638 948 quum
659 852 818 948 sacrilega
835 853 906 924 lace
924 854 1058 924 miscuit
1077 877 1170 922 arces

348 977 474 1070 Ipsius,
491 976 730 1068 immeritoque
748 974 866 1048 domos
886 999 925 1046 ae
945 973 1069 1068 templa
1085 977 1224 1070 Sagunti

346 1093 489 1185 Polluit,
510 1111 543 1165 et
563 1092 696 1191 populis
716 1096 820 1168 furtas
838 1097 977 1168 immisit
995 1095 1163 1168 honestas.

393 1217 466 1288 Nec
481 1231 557 1311 post
575 1216 703 1289 Sidonii
724 1215 852 1290 lethum
869 1215 968 1290 ducis
984 1242 1049 1288 sere
1067 1217 1172 1311 potito

346 1337 490 1433 Egregio
510 1335 639 1431 plebeia
658 1337 778 1410 domus
799 1363 808 1408 ε
830 1339 985 1410 convivia
1003 1336 1100 1431 &lle

346 1459 523 1546 Comebat,
546 1483 676 1552 semper
694 1457 803 1532 claros
820 1459 945 1532 inuare
962 1473 1098 1553 penates

345 1583 546 1662 Assuetum,
563 1593 598 1650 et
616 1576 695 1651 felix
713 1577 928 1652 dominorum
949 1593 1123 1650 stemmate
1143 1579 1289 1668 signum.

391 1702 491 1770 Nunc
510 1724 667 1793 quoque,
684 1702 713 1770 si
732 1724 841 1770 mores
861 1699 1074 1793 humanaque
1094 1713 1230 1793 pectora
1248 1723 1343 1772 cura».

344 1823 449 1893 Nosse
466 1822 567 1907 Deis,
587 1847 658 1894 nou
675 1819 752 1893 aula
771 1820 929 1914 quidem,
948 1821 1139 1913 Tirynthie,
1157 1844 1219 1890 uec
1237 1833 1271 1890 te

344 1943 467 2036 Regius
488 1942 735 2025 ambitiones,
755 1940 811 2014 seal
831 1956 940 2030 casta,
963 1943 1145 2036 ignoroque
1166 1939 1272 2034 culpae

343 2065 441 2131 Mens
461 2061 609 2150 domini,
627 2063 682 2133 cui
699 2063 811 2156 prisca
827 2061 928 2150 fides,
946 2077 1126 2157 coeptaeque
1143 2085 1291 2154 perenne

343 2181 462 2252 Foedus
482 2182 662 2254 amicitie:
682 2183 745 2255 seit
767 2181 876 2254 adbuc
895 2181 1035 2252 florente
1054 2183 1122 2254 sub·
1135 2207 1208 2252 tero
1264 2177 1273 2188 ’

341 2308 408 2374 Par
422 2304 553 2397 mugnis
568 2303 726 2375 Vestinus
746 2303 837 2390 avis,
856 2327 956 2397 quem
975 2317 1074 2374 nocte
1092 2301 1214 2396 dieque

344 2425 474 2519 Spirat,
496 2437 529 2492 et
549 2424 583 2491 in
604 2447 687 2496 earu
707 2423 791 2495 vivit
811 2422 1041 2519 complexibus
1054 2423 1189 2497 umbrae.

389 2545 453 2614 Hic
474 2546 577 2639 igitur
596 2544 657 2613 tibi
676 2543 751 2615 leta
768 2546 881 2639 quies,
901 2544 1080 2619 fortissime
1100 2545 1246 2633 Divom,

341 2664 478 2753 Alcide3
499 2690 560 2735 uec
580 2664 668 2735 bella
688 2666 780 2737 vides
802 2688 998 2761 pugnasque
1018 2665 1167 2754 feroces,

342 2786 408 2856 Sed
428 2785 564 2881 chelyn,
585 2802 618 2858 et
638 2789 759 2876 uittas,
779 2800 813 2857 et
832 2800 981 2857 amantes
996 2787 1145 2858 carmina
1165 2784 1290 2857 laurus.

340 2908 404 2976 Hic
421 2907 481 2976 tibi
497 2906 639 2977 solemni
657 2906 858 2977 memorabit
877 2908 1045 2995 carmine,
1059 2921 1204 3000 quantus

339 3024 455 3096 lliacas
472 3028 672 3119 Geticasque
689 3027 823 3114 domos,
845 3042 1056 3123 quartusque
1072 3027 1217 3097 nivalem

342 3144 582 3240 Stymphalon,
602 3160 813 3239 quantusque
831 3148 920 3241 jugis
937 3149 1159 3219 Erimanthon
1176 3149 1312 3241 aquosis

338 3268 530 3355 Terrueris;
550 3290 650 3361 quem
668 3280 702 3339 te
718 3265 849 3360 pecoris
868 3292 1037 3361 possessor
1054 3269 1162 3357 Iberi,

337 3387 448 3475 Quem
469 3385 582 3456 tulerit
601 3411 693 3459 saevae
712 3388 916 3457 Mareoticus
934 3388 1059 3458 arbiter
1078 3414 1152 3459 arae.

338 3508 401 3575 Hic
421 3521 593 3601 penetrata
614 3507 675 3577 tibi
694 3505 901 3603 spoliataque
922 3507 1038 3580 limina
1056 3512 1180 3581 Mortis

335 3628 520 3717 Concinet,
537 3643 571 3696 et
588 3626 706 3699 flentes
721 3628 853 3723 Libyae,
876 3629 1237 3727 Scythiaequepuellas.

335 3748 407 3817 Nec
423 3762 456 3816 te
474 3762 630 3843 regnator
645 3749 834 3838 Macetum,
856 3774 918 3819 nec
939 3750 1101 3824 barbarus
1120 3776 1271 3848 unquam

335 3866 497 3954 Annibal,
514 3882 573 3937 aut
588 3870 664 3938 saevi
682 3885 794 3965 posset
811 3896 876 3942 vox
890 3870 1027 3943 horrida
1043 3871 1138 3967 Syllae

335 3990 394 4056 llis
416 3985 582 4057 celebrare
601 3989 721 4061 modis
744 3992 843 4061 Certe
866 4007 902 4061 tu
924 3994 1071 4064 muneris
1092 4010 1208 4067 auctor

334 4110 413 4180 Non
433 4106 504 4177 aliis
524 4107 638 4180 malles
659 4110 783 4202 oculis,
805 4115 968 4211 Lysippo,
991 4116 1134 4212 probari.
