2934 4950
317 360 323 379 ‘
379 384 436 441 aas·
673 383 889 440 rumamos
909 383 1020 439 arana
1043 383 1112 439 xn.
1314 384 1406 446 ems.)

378 511 566 582 Continuat
585 536 594 578 :
612 509 739 580 ferrum
762 511 947 579 consumsit
964 524 1101 604 pectore
1118 509 1281 598 Phyleus,

379 635 448 701 Ore
469 628 652 699 momordit
667 629 810 725 Helops,
827 631 971 700 humero
990 630 1172 700 transmisit
1190 634 1303 725 Iapyx.

426 757 565 847 Jamque
582 767 617 822 et
634 753 838 847 quadrijugo
854 751 980 823 celsum
997 753 1082 848 petit
1101 757 1263 822 Haemona
1278 775 1393 835 curru,

378 871 661 968 Horrendumque
680 899 784 944 manu
801 872 906 944 telum
921 890 1010 944 rotat
1029 902 1037 944 :
1058 873 1114 943 ille
1133 889 1294 969 paventes

379 995 576 1092 Obliquavit
595 1022 719 1091 equos:
735 996 839 1092 longo
856 994 985 1092 perlata
1002 1012 1121 1067 tenore

378 1121 526 1204 Transiit
543 1119 639 1189 hasta
656 1117 743 1189 duos
758 1146 766 1188 :
783 1119 917 1188 sitiebat
932 1117 1074 1189 walacra
1094 1143 1156 1189 nec
1176 1145 1246 1188 nou

378 1243 509 1330 Tertia,
528 1241 587 1312 sed
605 1243 715 1312 medio
733 1242 844 1337 cuspis
863 1256 997 1311 temone
1015 1256 1145 1312 retenta
1165 1257 1226 1310 est

428 1362 494 1434 sed
512 1362 621 1434 solum
639 1364 745 1453 votis,
763 1361 872 1432 solum
891 1363 1037 1436 clamore
1055 1362 1229 1434 fremendo

379 1488 547 1557 Omnibus
566 1489 601 1555 iu
621 1487 743 1557 turmis
758 1501 921 1581 optatque
938 1501 1102 1580 vocatque
1120 1489 1278 1557 Creonta.

378 1617 489 1706 Atque
505 1611 596 1679 hunc
614 1610 746 1679 diversa
765 1606 931 1679 bellorum
946 1611 981 1678 in
999 1610 1110 1678 fronte
1125 1607 1293 1703 maniplos

379 1738 579 1804 Hortantem
598 1732 713 1819 dictis,
732 1731 923 1826 frustraque
942 1746 1088 1806 extrema
1106 1733 1294 1814 minantem

379 1856 577 1950 Conspicit:
596 1851 782 1925 abscedunt
800 1853 958 1942 comites,
976 1869 1010 1922 et
1026 1854 1158 1923 Thesea
1174 1853 1258 1946 jussi

380 1979 615 2072 Linquebant,
633 1977 777 2072 fretique
791 1978 892 2070 Deis,
909 1991 1010 2072 atque
1028 1977 1134 2071 ipsius
1151 1979 1265 2045 armis.

379 2098 439 2170 Ille
459 2114 570 2186 tenet,
590 2114 793 2194 revocatque
809 2125 888 2169 suos
904 2126 913 2169 ε
931 2115 1035 2194 utque
1054 2125 1149 2194 aqua
1167 2102 1301 2169 nomvit

380 2226 466 2294 Hinc
486 2239 586 2320 atque
604 2224 684 2296 binc
703 2223 800 2314 odia,
819 2239 967 2293 extrema
986 2249 1021 2293 se
1039 2221 1168 2320 colligit
1187 2225 1255 2313 ira,

379 2353 453 2419 Jam
470 2345 567 2418 letale
583 2347 713 2436 furens,
728 2363 829 2442 atque
845 2347 955 2416 audax
970 2362 1078 2417 morte
1096 2345 1209 2416 lutura
1225 2373 1234 2414 ι

381 2476 492 2545 «Non
509 2497 587 2541 cum
608 2469 786 2568 peltiferis,
803 2472 869 2558 ait,
884 2471 955 2541 hac
970 2471 1031 2540 tibi
1047 2496 1163 2567 pugna
1183 2469 1320 2566 puellis,

379 2597 555 2691 Virgineus
575 2619 636 2664 nec
655 2594 754 2665 crede
774 2618 892 2663 manus
908 2620 916 2661 :
932 2594 988 2664 hic
1005 2595 1110 2665 cruda
1129 2595 1281 2663 virorum

379 2716 499 2787 Proelia
514 2742 521 2785 :
541 2742 603 2785 nos
618 2706 779 2811 magnum
797 2718 855 2811 qui
870 2716 1001 2812 Tydea,
1021 2719 1148 2811 quique
1162 2716 1329 2787 furentem

380 2840 650 2934 Hippomedonta
667 2840 760 2925 neci,
780 2842 1001 2933 Capaneaque
1017 2840 1168 2909 misimus
1185 2839 1315 2908 umbris

380 2964 532 3033 Pectora.
547 2962 633 3050 Quae
652 2958 778 3029 bellum
799 2984 948 3055 praeceps
962 2962 1106 3030 amentia
1124 2961 1249 3049 suasit,

380 3082 560 3180 improbe?
578 3108 692 3153 nonne
707 3083 818 3172 vides,
838 3108 923 3178 quos
941 3081 1121 3169 ulciscare,
1136 3084 1335 3177 jacentesls

427 3207 490 3276 Sic.
503 3207 569 3296 ait,
587 3222 622 3277 et
640 3204 766 3275 frustra
786 3204 975 3301 periturum
994 3204 1119 3275 missile
1137 3231 1271 3276 summo

379 3327 496 3397 Affixit
515 3326 632 3423 clypeo
652 3353 659 3395 ε
679 3329 753 3398 risit
771 3352 936 3422 vocesque
956 3353 1161 3423 manumque

379 3448 543 3521 Horridus
563 3450 717 3545 AEgides,
739 3449 929 3545 ferrataque
948 3452 1067 3520 arbore
1084 3474 1225 3547 magnos

379 3569 523 3640 Molitur
538 3573 669 3665 jactus,
690 3597 754 3642 nec
770 3599 840 3642 non
859 3574 952 3668 prius
970 3597 1028 3642 ore
1046 3573 1193 3668 superbo

379 3695 538 3761 Intonat:
556 3693 752 3790 «Argolici,
769 3696 892 3789 quibus
910 3696 982 3765 haec
998 3695 1099 3765 datur
1115 3696 1246 3779 hostia,
1264 3698 1389 3777 Manes,

379 3813 519 3883 Pandite
536 3816 734 3886 Tartareum
754 3817 875 3907 chaos,
896 3814 1101 3911 ultricesque
1119 3832 1238 3913 parate

378 3935 600 4026 Eumenidas,
619 3940 711 4008 venit
729 3964 807 4009 ecce
826 3944 983 4011 Creon.»
1003 3942 1058 4011 Sic
1077 3940 1186 4028 fatus,
1206 3956 1241 4010 et
1258 3966 1353 4010 auras

379 4060 526 4156 Dissipat
543 4061 639 4131 hasta
658 4078 826 4133 tremens:
845 4077 926 4133 tunc
946 4088 1012 4159 qua
1034 4065 1223 4135 subtemine
1243 4064 1329 4135 duro
