2934 4950
256 427 261 438 ¹
365 409 402 474 48
724 409 754 462 Ρ.
775 409 897 464 PUBLII
918 409 1041 466 suam
1168 403 1171 409 ¹
1321 421 1359 472 (v.

365 529 468 620 Aula,
485 530 725 624 Dicarcheique
742 534 833 601 sinus
853 559 861 600 :
883 558 944 601 nec
963 534 1080 627 saepius
1096 531 1166 601 istis

363 652 489 724 Blanda
506 651 702 746 Therapnaei
718 651 872 746 placeant
889 639 1002 720 vineta
1021 651 1143 722 Galesi.
1221 698 1331 712 ffl—

364 775 426 844 Hic
439 797 496 841 seu
513 771 649 841 siderias
665 787 796 841 exercet
812 744 938 854 Pflus
954 787 1056 861 artes,
1193 755 1200 761 .

366 895 429 961 Seu
450 890 554 960 volvit
574 893 735 982 monitus,
753 918 837 987 quos
857 893 914 962 dat
931 894 1123 988 Gargettius
1143 906 1273 980 auctor,

366 1015 430 1083 seu
446 1026 594 1080 nostram
610 1015 717 1107 quatit
737 1012 793 1082 ille
812 1011 948 1108 chelyn,
965 1038 1023 1082 seu
1040 1013 1171 1082 dissona
1192 1014 1299 1082 nectit

367 1133 541 1219 Carmina,
561 1134 629 1200 sive
646 1135 761 1202 minax
779 1132 923 1204 ultorem
941 1134 1074 1228 stringit
1089 1134 1240 1218 iambon;

365 1253 453 1321 Hinc
468 1249 548 1321 levis
565 1277 582 1320 e
599 1250 743 1345 scopulis
763 1251 901 1322 meliora
919 1252 963 1321 ad
978 1241 1127 1334 carmina
1145 1255 1241 1322 Siren

367 1370 524 1456 Advolat;
544 1373 623 1441 hinc
637 1373 737 1441 motis
755 1373 848 1443 audit
862 1375 1013 1443 Tritonia
1032 1374 1149 1442 cristis.

368 1495 463 1560 Tunc
478 1491 585 1560 rabidi
601 1506 732 1586 ponunt
747 1492 860 1578 flatus,
878 1495 983 1563 maria
997 1495 1067 1588 ipsa
1082 1506 1237 1563 vetantur

368 1611 570 1705 Obstrepere
591 1626 795 1707 :remergunt
812 1612 950 1708 pelago,
965 1613 1165 1706 doctamque
1175 1614 1380 1685 trabuntur

368 1730 420 1800 Ad
439 1729 579 1825 chelyn,
597 1745 630 1800 et
646 1730 759 1802 blandi
776 1731 919 1827 scopulis
936 1732 1109 1827 delphines
1127 1734 1294 1802 aderrant.

415 1853 515 1938 Vive,
531 1852 632 1921 Midae
650 1853 737 1947 gazis
754 1868 786 1921 et
805 1853 900 1948 Lydo
915 1852 1017 1923 ditior
1033 1880 1130 1945 auro,

368 1975 486 2040 Troica
499 1987 533 2040 et
548 1972 741 2066 Euphraten
764 1997 864 2067 super
882 1973 1069 2044 diademata
1085 1975 1162 2046 felix
1182 2004 1190 2044 ε

369 2095 479 2181 Quem
497 2117 566 2160 non
587 2091 733 2187 ambigui
752 2092 868 2180 fasces,
884 2119 952 2163 non
970 2094 1093 2165 mobile
1108 2095 1246 2191 vulgus,

368 2213 445 2282 Non
461 2211 565 2308 leges,
582 2238 650 2281 non
667 2226 774 2281 castra
794 2227 931 2283 tenent:
951 2216 1009 2308 qui
1029 2229 1162 2310 pectore
1177 2241 1302 2310 magno

370 2334 537 2426 Spemque
557 2345 749 2426 metumque
767 2332 895 2422 domas,
911 2336 994 2402 vitio
1011 2334 1183 2404 sublimior
1198 2337 1289 2405 omni

369 2454 549 2546 Exemptus
566 2450 655 2539 fatis,
673 2451 968 2548 indignantemque
988 2453 1140 2525 refellens

369 2574 551 2641 Fortunam
571 2598 579 2639 :
602 2572 742 2641 dubium
762 2598 861 2667 quem
880 2601 949 2644 non
969 2577 1003 2643 in
1024 2578 1156 2646 turbine
1174 2600 1288 2645 rerum

369 2692 562 2785 Deprendet
582 2716 736 2787 suprema
757 2693 841 2780 dies3
856 2693 913 2762 sed
927 2696 1018 2764 abire
1035 2711 1205 2789 paratum,

304 2851 306 2857 ·
371 2816 420 2882 Ac
437 2809 574 2905 plenum
594 2814 671 2880 vita.
691 2814 779 2901 Nos,
796 2811 869 2882 vilis
885 2815 998 2903 turba,
1015 2815 1148 2885 caducis

370 2932 547 3000 Deservire
559 2931 676 3023 bonis,
694 2956 889 3026 semperque
903 2947 1019 3027 optare
1035 2938 1157 3028 parati,

370 3052 565 3144 Spargimur
585 3052 619 3118 in
640 3074 733 3119 casus
751 3076 759 3117 :
780 3050 867 3120 celsa
882 3066 919 3122 tu
937 3056 1057 3123 mentis
1076 3056 1117 3123 ab
1137 3081 1213 3125 arce

371 3170 520 3263 Despicis
537 3183 699 3257 errantes,
717 3170 930 3266 humanaque
949 3174 1070 3269 gaudia
1086 3175 1182 3245 rides.

417 3292 561 3383 Tempus
576 3304 665 3378 erat,
681 3314 786 3384 quum
806 3305 839 3361 te
856 3295 996 3389 geminae
1012 3296 1169 3392 suffragia
1188 3311 1285 3367 terrae

371 3410 579 3503 Diriperent‚
600 3409 772 3505 celsusque
785 3412 868 3482 duas
884 3415 1042 3485 veherere
1058 3441 1117 3511 per
1135 3418 1232 3486 urbes
1253 3445 1261 3486 ε

371 3528 453 3597 Inde
469 3531 662 3599 Dicarcheis
680 3530 824 3601 multum
842 3535 1030 3605 venerande
1046 3536 1187 3625 colonis,

369 3649 458 3718 Hinc
472 3651 572 3719 ascite
588 3652 668 3720 meis
682 3677 691 3737 3
711 3656 900 3750 pariterque
920 3657 971 3725 his
987 3655 1113 3753 largus,
1129 3673 1162 3728 et
1181 3658 1261 3747 illis,

370 3769 421 3837 Ac
432 3767 580 3860 juvenile
599 3770 725 3859 calens,
743 3770 927 3868 plectrique
942 3802 1057 3848 errore
1076 3780 1246 3873 superbus.

370 3890 416 3955 At
437 3913 528 3958 nunc
545 3890 689 3961 discussa
705 3918 817 3962 rerum
837 3893 997 3991 caligine,
1018 3922 1137 3968 verum

371 4008 525 4101 Aspicis:
547 4010 605 4079 illo
624 4011 680 4080 alii
696 4038 810 4083 rursus
824 4016 991 4109 jactentur
1011 4020 1044 4085 in
1063 4017 1151 4104 alto;

1372 417 1439 462 ιω.)
