2934 4950
74 447 172 509 (nam)
367 446 584 502 Tflattalnos
605 446 715 500 uultu
740 447 787 502 lv.
1063 443 1099 502 23

75 575 161 666 Orgia
176 573 263 642 ferre
281 575 408 658 Getas,
426 594 616 664 canumque
636 572 800 640 virescere
820 568 931 640 dorso.

74 693 205 787 Othryn,
224 709 260 763 et
274 697 384 764 Icaria
402 693 592 788 Rhodopen
611 706 805 761 assueverat
825 693 960 778 umbra,
1073 705 1075 710 '

72 817 105 882 Et
114 816 179 908 jam
199 818 398 911 pampineos
413 831 566 886 materna
584 814 626 884 ad
644 814 766 882 moenia
786 838 905 882 currus

72 938 233 1007 Promovet
254 965 262 1006 :
284 939 421 1007 effrenae
439 936 556 1006 dextra
573 934 720 1030 laevaque
739 949 926 1028 sequuntur

71 1059 204 1151 brunes,
221 1075 255 1129 et
277 1060 342 1130 uda
359 1084 454 1128 mero
473 1057 627 1127 lambunt
644 1055 829 1126 retinacula
849 1058 961 1150 tigres.

71 1180 136 1248 Post
152 1180 357 1250 exsultantes
378 1179 483 1275 spolia
503 1177 699 1248 armentalia
716 1192 853 1272 portant
939 1239 942 1246 .

71 1302 311 1397 Seminecesque
329 1300 442 1398 lupos,
463 1303 646 1396 scissasque
666 1299 879 1371 Mimallones
900 1323 1003 1384 ursas.

72 1423 129 1492 Nec
145 1414 325 1494 comitatus
341 1427 450 1514 iners3
467 1439 547 1494 sunt
566 1423 632 1494 illic
650 1427 721 1511 Ira,
740 1425 934 1516 Furorque,

71 1547 107 1613 Et
121 1548 249 1634 Metus,
270 1562 304 1616 et
321 1549 460 1636 Virtus,
479 1561 513 1615 et
534 1565 707 1639 nunquam
726 1545 858 1614 sobrius
878 1542 1005 1634 Ardor,

72 1667 281 1762 Succiduique
299 1669 444 1765 gradus,
460 1683 495 1738 et
512 1684 623 1738 castra
639 1666 808 1737 simillima
826 1668 907 1760 regi.

72 1789 155 1882 Isque
172 1791 232 1858 ubi
253 1788 412 1884 pulverea
432 1793 585 1862 Nemeen
602 1789 766 1860 effervere
782 1789 872 1858 nube

73 1911 256 2008 Conspicit,
272 1926 307 1981 et
324 1909 429 1981 solem
446 1911 550 1982 radiis
566 1914 737 2006 ignescere
755 1911 854 2001 ferri,

72 2034 213 2103 Necdum
229 2037 432 2130 compositas
449 2033 529 2105 belli
546 2036 583 2104 in
600 2035 785 2104 certamina
802 2033 949 2122 Thebas3

73 2157 253 2226 Concussus
270 2160 366 2246 visis,
383 2183 578 2253 quanquam
596 2181 655 2225 ore
673 2172 707 2225 et
726 2170 863 2251 pectore
880 2173 1025 2244 marcet,

73 2278 226 2374 AEraque,
245 2293 487 2374 tympanaque,
508 2294 541 2348 et
558 2277 702 2348 biforem
722 2279 863 2346 reticere
880 2276 1061 2346 tumultum

73 2401 227 2496 Imperat,
247 2402 407 2470 attonitas
426 2403 484 2495 qui
500 2402 627 2469 circum
646 2398 811 2495 plurimus
831 2423 945 2485 aures;
989 2418 991 2427 ·

75 2526 171 2617 Atque
182 2524 229 2593 ita
242 2549 251 2592 ε
263 2552 281 2588 ι
290 2524 346 2592 Me
356 2548 476 2593 manus
489 2524 567 2611 ista,
581 2544 759 2614 meamque
772 2520 965 2591 exscindere
980 2535 1110 2617 gentem
1179 2540 1185 2564 ¹

74 2650 228 2741 apparat,
244 2659 280 2713 et
294 2643 394 2739 longe
412 2642 536 2713 recalet
555 2644 673 2712 furor:
694 2644 760 2712 hoc
780 2642 862 2711 mibi
881 2665 1004 2711 soevum

74 2768 171 2861 Argos
188 2781 222 2836 et
243 2766 414 2836 indomitae
427 2764 552 2835 bellum
574 2767 641 2835 ciet
660 2766 711 2835 ira
729 2760 901 2834 novercae!

75 2889 182 2983 Usque
198 2888 328 2958 adeone
345 2912 467 2987 parum
485 2890 590 2959 cineri
606 2888 686 2956 data
699 2902 806 2955 mater
823 2886 965 2979 iniquo?

76 3009 270 3109 Natalesque
286 3014 381 3109 rogi?
402 3036 542 3108 quaeque
558 3012 628 3105 ipse
647 3010 803 3078 micantia
820 3010 909 3077 sensi

76 3132 235 3230 Fulgura?
255 3135 424 3229 relliquias
440 3134 562 3221 etiam,
578 3133 724 3225 fusaque
742 3129 933 3226 sepulcrum

76 3256 217 3347 Pellicis,
238 3274 271 3327 ct
290 3256 430 3325 residem
449 3256 540 3325 ferro
555 3256 640 3349 petit
658 3253 811 3347 improba
827 3252 975 3321 Theben.

78 3380 211 3448 Nectam
230 3377 351 3448 fraude
370 3401 480 3446 moras
499 3402 507 3443 :
530 3374 642 3460 illuni,
663 3372 757 3442 illum
776 3372 904 3443 tendite
923 3400 1098 3469 campum,

77 3500 228 3589 Tendite,
247 3504 298 3589 io,
316 3500 498 3569 comites.»
517 3500 680 3590 Hyrcanae
700 3495 742 3565 ad
764 3498 859 3589 signa
875 3494 1004 3589 jugales

77 3622 266 3692 Intumuere
282 3621 404 3715 jubas;
419 3618 509 3687 dicto
527 3619 619 3711 prius
636 3614 766 3689 adstitit
783 3618 880 3685 arvis.

120 3746 262 3838 Tempus
279 3758 370 3829 erat,
392 3740 494 3811 medii
510 3764 615 3832 quum
632 3736 737 3806 solem
752 3737 786 3803 in
800 3735 947 3806 culmina
961 3736 1079 3807 mundi

78 3862 172 3932 Tollit
188 3862 309 3934 anhela
327 3862 418 3951 dies,
437 3862 496 3931 ubi
515 3859 629 3930 tardus
646 3857 818 3927 hiantibus
837 3859 925 3927 arvis

79 3987 148 4053 Stat
164 4011 283 4081 vapor,
303 4000 406 4077 atque
423 4006 539 4052 omnes
557 3981 741 4050 admittunt
757 3977 882 4047 aethera
902 3976 979 4049 luci.

83 4107 249 4176 Undarum
266 4120 364 4176 vocat
381 4102 437 4173 ille
455 4107 562 4191 Deas,
581 4100 779 4194 mediusque
798 4097 954 4169 silentum
