2934 4950
289 445 291 451 ’
312 445 369 512 344
689 440 986 496 ADNOTATIONES

352 563 537 634 pressumque
551 557 638 613 comis
652 553 690 633 (v.
707 554 785 633 320).
800 555 835 612 ld
848 566 890 612 est
904 575 1083 630 expressum,
1098 568 1130 615 ut
1143 559 1235 615 Gloss

351 657 421 730 Ipsa
434 653 504 707 dedi
516 652 620 707 bellum
640 647 678 727 (r.
695 648 773 726 336).
789 651 845 705 ΜΒ
860 659 888 703 et
902 649 975 704 alius
988 669 996 704 t
1009 650 1092 707 bello.

351 748 496 820 Pomaque
509 757 599 800 tomm
613 745 750 817 Polrm'cc
754 741 860 815 fovebo
878 740 918 820 (v.
935 740 1015 821 348).
1029 767 1045 795 α
1054 745 1178 802 Solabor
1192 743 1367 801 viduitatem

311 859 402 896 meam
417 836 601 896 similitudine
617 847 666 892 tua
682 834 744 914 [tuo
759 833 820 890 filio
838 835 1035 909 Ther-sundro,
1053 848 1087 895 ut
1100 841 1239 914 parvulas
1253 840 1369 893 Encas

314 951 360 1008 ap.
368 931 467 1008 Virg.,
481 949 521 1003 rr,
535 929 604 1002 327,
617 941 646 986 et
660 931 751 986 alium
763 928 924 998 Achillem,
941 929 1029 999 Acts,
1046 949 1074 1001 t,
1088 928 1170 1007 ssu,
1185 951 1238 988 nec
1254 950 1368 988 secun-

312 1027 362 1084 das
375 1024 490 1100 nuptias
505 1023 655 1099 superstite
670 1020 731 1078 filio
747 1022 894 1096 cupiam.»
911 1023 998 1078 lucr.

355 1121 492 1192 Tempore
508 1118 538 1172 in
547 1117 626 1172 omri
637 1113 676 1194 (v.
688 1111 769 1192 351).
784 1115 839 1170 ΜΒ
853 1124 881 1170 ct
895 1113 968 1171 alius
983 1134 990 1170 ε
1004 1125 1117 1192 tempus
1126 1118 1255 1173 morare.
1273 1119 1365 1173 Male.

351 1213 409 1268 Pru
423 1229 484 1266 sors
498 1211 599 1286 ignma
613 1206 650 1286 (v.
667 1207 753 1284 382)1
767 1209 863 1264 Barth.
879 1231 896 1260 ι
902 1206 972 1279 fors
984 1208 1042 1284 ign
1051 1251 1060 1280 ,
1069 1232 1086 1261 ι
1099 1229 1115 1266 e
1128 1210 1215 1268 codd.
1224 1211 1366 1287 vestigiis.

283 1335 285 1339 v
353 1304 447 1372 Cedo,
462 1303 519 1359 tcn'
531 1303 624 1378 pudet
640 1299 670 1380 (v
686 1297 774 1380 384st
788 1299 881 1357 eodd,
899 1320 1019 1358 omnes:
1037 1314 1108 1359 terre.
1122 1303 1208 1360 Unde
1222 1305 1319 1359 Barth.
1336 1315 1369 1358 et

312 1399 402 1454 Gron.
419 1417 425 1452 :
441 1395 550 1466 «cedo,
565 1407 626 1451 tene
640 1415 649 1449 :
663 1393 770 1468 pudet!
783 1395 841 1450 heu
856 1413 884 1468 p.
898 1417 910 1443 s
930 1395 1083 1451 uCeterum
1096 1413 1168 1472 ego,
1187 1415 1254 1470 qua.
1266 1395 1368 1452 adhuc

310 1491 412 1566 putari
429 1507 506 1546 meas
521 1506 580 1545 esse
603 1486 708 1562 primas
720 1496 816 1560 partes
830 1498 858 1542 ct
871 1486 964 1542 luctus
984 1497 1014 1542 et
1031 1485 1120 1543 oflicii
1141 1507 1209 1564 erga
1227 1488 1366 1556 fratrem,

312 1603 389 1639 nunc
403 1602 420 1638 u
437 1592 465 1638 te
479 1581 583 1638 victum
596 1598 656 1636 esse
673 1595 720 1635 me
729 1579 829 1650 fateor,
839 1579 950 1654 tibique
963 1580 1108 1651 concedo,
1124 1601 1188 1655 quae
1202 1592 1261 1638 tam
1274 1583 1367 1657 longo

312 1675 413 1732 itinere
431 1674 513 1750 prior
534 1685 630 1730 tamen
655 1672 731 1728 ades.
755 1674 801 1728 Tu
816 1671 913 1746 potius
927 1685 989 1728 terre
1011 1684 1039 1729 et
1061 1674 1232 1748 amplectere
1249 1675 1340 1730 funus
1358 1696 1366 1728 :

312 1767 396 1844 quod
405 1779 438 1824 ut
451 1778 576 1823 tenerem
586 1765 646 1840 ipsa
660 1775 885 1838 tractaremque,
899 1763 970 1820 dum
978 1783 1133 1839 suppremo
1141 1764 1240 1823 officio
1246 1767 1365 1834 maudo,

313 1861 379 1916 veni
386 1901 393 1930 ,
401 1859 452 1918 sed
459 1877 522 1916 sero
530 1858 701 1931 tardeque.»
709 1857 897 1931 Grum—Sq.
905 1846 991 1913 versu
998 1857 1160 1914 Barthiani:
1170 1883 1182 1909 ι
1193 1859 1256 1915 haec
1263 1858 1365 1933 prior:

312 1953 379 2009 hinc
392 1952 539 2028 pariter,...
548 1951 723 2026 junctrrque.
733 1973 750 2001 ι
768 1952 900 2022 Quorum
914 1949 987 2006 illud
999 1961 1076 2007 uerte
1088 1951 1295 2025 recipiendtun.

351 2047 480 2103 Excelsa
493 2045 621 2100 sublimis
636 2042 674 2120 (v.
687 2041 766 2122 398).
780 2044 836 2098 ΜΒ
853 2063 860 2096 :
876 2046 1001 2100 «ecclsa
1018 2064 1040 2100 s.
1055 2067 1071 2095 s
1087 2077 1127 2087 -
1146 2047 1230 2115 Post,
1245 2065 1274 2100 v.
1292 2053 1364 2114 404,

313 2139 387 2196 idem
405 2157 470 2194 cum
486 2139 520 2194 nl.
540 2147 568 2193 ct
581 2139 652 2214 Reg.
676 2157 687 2192 ι
706 2156 713 2191 :
730 2135 993 2208 «redderefistu,s
1011 2137 1095 2213 quod
1107 2156 1208 2194 verum
1220 2137 1346 2194 videtur.

358 2231 415 2286 Vix
430 2233 497 2286 dum
511 2231 561 2286 ille
574 2226 612 2306 (v.
631 2227 707 2306 414).
723 2230 795 2304 neg.
815 2249 827 2285 t
846 2231 922 2286 :viic
935 2231 999 2298 itte,
1014 2230 1075 2286 sine
1088 2232 1171 2300 dm,
1187 2231 1364 2306 qualimodo

315 2342 388 2398 sepe
397 2324 504 2380 Statius
520 2323 551 2378 in
565 2322 609 2379 his
623 2321 783 2379 structuris.

354 2420 478 2495 Altaque
487 2429 559 2474 tecta
573 2413 612 2495 (v.
633 2414 712 2495 447).
726 2417 783 2470 ΜΒ
802 2436 809 2470 :
829 2429 915 2479 usca.
924 2417 957 2472 V.
975 2415 1014 2474 ad
1026 2416 1110 2487 Sim,
1127 2437 1167 2490 u,
1188 2418 1223 2491 3,
1239 2425 1285 2486 ι4.

354 2511 518 2587 Amblgitur
530 2506 568 2586 (v.
586 2507 664 2585 456).
679 2508 767 2564 Multi
783 2510 867 2565 codd.
884 2530 891 2564 :
910 2510 1048 2569 Ambitur.
1066 2511 1173 2567 Scholl.
1189 2532 1197 2565 :
1213 2535 1230 2563 ι
1243 2522 1364 2568 οοιιῑαι·

314 2604 425 2661 ditum

359 2698 521 2753 Trabantur
536 2694 573 2773 (r.
599 2692 677 2773 463).
704 2696 813 2766 «Quasi
836 2706 933 2751 tantus
953 2707 1025 2752 esset
1043 2690 1196 2753 mulierum
1218 2698 1316 2767 ardor,
1332 2706 1365 2752 ut

315 2790 447 2848 satellites
460 2790 538 2864 ipsos
551 2787 589 2845 ad
602 2806 698 2865 regem
712 2791 859 2845 traherent
877 2790 976 2864 potius
990 2808 1076 2866 quam
1089 2790 1185 2846 invitae
1204 2810 1364 2869 sequereu

314 2894 370 2943 tur.
391 2882 495 2939 Similis
518 2881 659 2939 sententia
682 2902 727 2957 ap.
754 2885 903 2955 Juvenal,
924 2902 1004 2956 mr,
1034 2884 1097 2941 108.
1110 2908 1124 2934 υ
1146 2887 1246 2943 Guon.
1272 2886 1362 2944 Codd

315 2995 388 3033 recc.
406 2996 412 3031 :
428 2976 585 3035 trahebant.

357 3069 458 3124 Omnis
471 3080 501 3124 et
512 3069 619 3125 Actoeis
639 3066 736 3142 cssusa
749 3070 902 3143 penatibus
917 3066 955 3147 (v.
976 3071 1054 3148 471).
1078 3071 1306 3145 Reponeudum‚
1319 3074 1364 3127 vel

316 3164 395 3218 obv.
421 3162 495 3234 464,
517 3162 597 3237 quod
620 3162 650 3217 iu
674 3162 790 3237 optimis
809 3162 918 3219 Heinsii
938 3160 1023 3240 (Δάν.
1044 3183 1084 3237 rr,
1107 3184 1131 3221 c.
1147 3162 1187 3241 u),
1212 3182 1231 3219 n
1252 3167 1363 3236 Barth„

314 3257 391 3325 Put,
404 3254 474 3331 Reg.
491 3271 507 3310 a
530 3254 557 3331 (1
569 3252 596 3329 i)
612 3254 776 3311 invenitur:
790 3278 806 3307 α
816 3256 916 3312 Omnis
930 3258 1098 3313 Erechtheis
1111 3256 1159 3313 eft.
1171 3281 1186 3308 a

355 3348 441 3403 Nulla
462 3348 609 3402 damnavit
626 3359 694 3402 vota
710 3351 825 3424 repulsa
839 3349 876 3425 (v.
895 3346 973 3427 484).
993 3352 1049 3406 ΜΒ
1071 3349 1173 3405 :nulli
1461 3419 1462 3430 γ

354 3440 507 3496 libamina
522 3452 600 3499 serta
614 3458 759 3496 comarum
769 3440 807 3519 (v.
826 3440 903 3522 489).
915 3442 1106 3499 Scribeudum
1116 3442 1237 3499 omnino
1246 3462 1282 3500 ex
1295 3446 1363 3501 Bar·
1461 3455 1462 3478 ³

314 3533 367 3591 chii
380 3532 527 3605 omnibus,
540 3534 589 3588 ΡΒ
609 3551 616 3586 :
631 3556 647 3585 e
660 3534 678 3589 l.
696 3547 775 3589 secta
789 3554 861 3591 com,
870 3560 885 3587 a

355 3626 459 3681 Forma
470 3627 543 3681 Dcoe
557 3624 595 3704 (v.
613 3624 691 3705 494).
711 3646 727 3683 2
743 3628 869 3701 Behett.,
883 3632 920 3685 Pr
936 3649 943 3683 :
959 3630 1014 3686 «F.
1030 3631 1092 3685 Dei.
1102 3654 1119 3682 a

359 3717 494 3792 Etsunns
511 3720 633 3793 Olynthi
649 3722 732 3777 Texit
748 3719 787 3800 (v.
804 3721 861 3779 510
879 3722 941 3799 sm).
959 3724 1039 3780 Bona
1055 3722 1113 3780 lide
1133 3724 1307 3798 interpretes
1327 3723 1362 3779 ad

315 3830 406 3867 nuum
432 3830 530 3868 omnes
554 3813 643 3868 secuti
669 3826 736 3869 sunt
764 3816 965 3888 Lactantium,
996 3816 1048 3890 qui
1077 3817 1115 3874 de
1140 3816 1287 3892 Olynthiis
1305 3819 1361 3872 lite

315 3904 530 3977 interpretatur,
545 3904 582 3961 ad
595 3905 797 3962 misericordie
810 3926 888 3963 arum
902 3908 1148 3985 confugientibus,
1163 3930 1256 3984 quum
1269 3922 1360 3984 spreta

316 3996 530 4055 Atheniensium
544 3998 679 4055 societate
693 4020 722 4056 se
737 4000 871 4075 Philippo
886 4004 947 4081 regi
961 4002 1153 4059 tradidissent.
1163 4006 1257 4073 Quod
1269 4004 1360 4060 multis

318 4090 483 4147 nominibus
500 4092 583 4148 etiam
604 4093 634 4148 in
652 4092 800 4149 historiam
821 4106 929 4170 peccat.
949 4096 1083 4153 Dubitari
1100 4116 1161 4153 nou
1180 4108 1274 4171 potest
1292 4096 1359 4171 quin
