2934 4950
371 450 425 511 rol
670 444 883 505 rtmuamos
903 444 1012 503 traua
1032 447 1088 503 vlt
1299 445 1397 507 (¹473.)

366 572 626 663 Exsanguesque
642 572 774 641 Iocasta
789 596 907 666 genas,
925 584 959 640 ct
974 570 1111 641 brachia
1131 566 1268 663 planctu

367 692 472 786 Nigra
491 688 619 771 ferens,
635 716 834 787 ramumque
851 690 934 761 oleae
949 716 1027 763 cum
1042 689 1176 761 velleris
1190 692 1255 760 atri

365 814 532 903 Nexibus,
550 814 775 884 Eumenidum
794 814 887 884 velut
904 814 1153 909 antiquissima,
1171 814 1279 911 portis
1314 812 1317 815 ’

365 934 559 1032 Egreditur,
577 960 794 1032 magnacum
809 936 983 1031 majestate
1001 933 1191 1007 malorum.'

365 1060 453 1127 Hinc
472 1070 573 1153 atque
589 1057 669 1128 hino
684 1072 788 1146 nate,
808 1055 930 1126 melior
941 1056 1012 1152 jam
1030 1080 1145 1146 sexus,
1163 1054 1266 1126 aniles

364 1179 632 1274 Praecipitantem
647 1194 760 1265 artus,
777 1192 812 1247 et
829 1176 1007 1273 plusquam
1018 1192 1131 1275 posset
1150 1191 1285 1247 euntem

364 1302 562 1372 sustentant
577 1326 585 1369 :
603 1300 694 1370 venit
711 1314 790 1370 ante
807 1298 942 1389 hostes,
959 1314 993 1369 et
1009 1314 1146 1395 pectore
1164 1296 1258 1369 nudo

363 1420 521 1494 Claustra
533 1420 674 1492 adversa
690 1420 786 1513 serit,
804 1418 1023 1515 tremulisque
1038 1420 1222 1493 ululatibus
1240 1433 1315 1489 orat

363 1544 505 1615 Admitti
520 1568 529 1611 τ
544 1546 731 1612 «Rescrarc
750 1543 839 1613 viam
859 1555 957 1636 rogat
975 1542 1080 1638 impia
1097 1540 1177 1613 belli

364 1668 499 1737 Mater:
519 1664 555 1733 in
573 1663 626 1733 bis
644 1660 781 1757 aliquod
795 1663 852 1758 jus
871 1663 1056 1735 execrabile
1075 1666 1193 1733 cestris

369 1788 455 1858 Huic
473 1801 570 1857 utero
590 1798 651 1855 est.
666 1814 683 1851 n
703 1784 841 1881 Trepidi
861 1756 969 1855 visani
983 1808 1146 1879 expavere
1164 1787 1319 1884 manipli,

368 1910 593 2005 Auditamque
611 1908 742 2005 magis:
761 1922 886 1979 remeat
902 1910 974 2004 jam
991 1909 1111 1979 missus
1129 1910 1275 1983 Adrasto

353 1999 525 2128 ‘Nuntium
549 2040 718 2135 excipiunt
728 2035 814 2132 jussi
829 2083 840 2122 ,
858 2028 1056 2125 mediosque
1071 2058 1133 2128 per
1151 2058 1247 2105 enses

359 2164 453 2233 Dant
470 2164 558 2233 iter:
578 2162 634 2234 illa
652 2162 754 2232 duces
769 2178 807 2232 ut
825 2154 973 2248 primum
990 2151 1140 2262 adspexit
1158 2156 1317 2247 Achivos,

359 2284 549 2358 Clamorem
566 2284 776 2356 horrendum
790 2283 885 2355 luctu
902 2276 1026 2354 firriata
1042 2287 1201 2357 resolvit:

408 2409 584 2506 «Argolici
601 2432 774 2504 proceres,
796 2408 851 2478 hei
868 2408 944 2503 quis
966 2409 1201 2479 monstraverit
1217 2408 1356 2496 hostem,

356 2532 469 2622 Quem
487 2529 623 2626 peperi?
641 2555 786 2626 quanam
801 2532 986 2620 inveniam,
1005 2530 1088 2600 mihi
1107 2530 1224 2617 dicite,
1240 2544 1350 2599 natum

359 2651 430 2721 Sub
449 2649 590 2747 galeati
610 2653 714 2722 Venit
733 2653 885 2720 attonite
901 2651 1081 2722 Cadmeius
1101 2653 1200 2722 heros

358 2773 505 2862 Obvius,
525 2787 559 2842 et
575 2786 706 2868 raptam
722 2772 878 2867 lacrymis
899 2772 1121 2869 gaudentibus
1139 2771 1274 2868 implet,

358 2891 560 2990 Solaturque
577 2909 710 2984 tenens,
731 2907 834 2990 atque
851 2895 939 2964 inter
960 2894 1107 2991 singula,
1128 2910 1288 2984 matrem,

356 3019 502 3086 Matrem
519 3017 636 3106 iterat,
654 3041 747 3086 nunc
763 3017 872 3112 ipsam
890 3041 1033 3112 urgens,
1051 3040 1143 3086 nuuc
1161 3042 1239 3087 cara
1253 3037 1388 3087 sororum

357 3142 513 3228 Pectora,
530 3163 635 3234 quum
649 3139 755 3208 mixta
769 3137 867 3208 fletus
887 3164 972 3208 anus
987 3153 1118 3234 asperat
1135 3140 1186 3207 ira
1201 3164 1210 3206 ε

358 3289 375 3324 α
387 3259 480 3350 Quid
497 3258 615 3330 molles
631 3258 814 3354 lacrymas,
831 3259 1089 3353 venerandaque
1108 3261 1246 3330 nomina
1264 3261 1370 3357 lingis,

356 3385 427 3450 Rex
445 3381 588 3476 Argivo,
604 3380 706 3449 mibi?
725 3381 808 3475 quid
826 3379 912 3451 colla
931 3378 1139 3476 amplexibus
1157 3381 1285 3470 anubis,

355 3502 568 3595 Invisamque
582 3501 662 3570 teris
680 3500 808 3571 ferrato
824 3517 961 3598 pectore
979 3503 1143 3572 matrem?

355 3626 451 3693 Tune
469 3620 524 3692 illc
541 3620 656 3692 exsilio
674 3622 801 3720 vagus?
819 3639 853 3694 et
869 3622 1068 3694 miserabilis
1086 3623 1229 3722 hospes?

356 3746 467 3834 Quem
488 3769 557 3812 non
575 3745 790 3839 permovens?
809 3742 909 3841 longe
926 3759 984 3815 tua
1003 3746 1095 3841 jussa
1115 3746 1269 3818 cobortes

356 3869 574 3960 Exspectant,
595 3864 772 3961 multoque
787 3864 874 3936 latus
888 3865 1108 3966 praefulgurat
1123 3894 1211 3939 ense.

226 4003 228 4009 “
357 3985 410 4058 ΑΙ]
427 3987 553 4056 misere
567 3983 707 4058 matres!
727 3989 819 4058 hunc
838 4003 871 4058 te
889 4004 1087 4084 noctesque,
1105 3989 1257 4085 diesque,

357 4109 526 4181 Dellebam
544 4136 551 4179 :
572 4110 598 4178 si
616 4109 720 4180 verba
739 4126 872 4196 tamen,
893 4113 1106 4209 monitusque
1124 4128 1258 4182 tuorum
