2934 4950
318 478 374 533 232
631 475 844 531 Ttissnnmos
863 472 972 530 unm
992 474 1060 531 ΧΗ.
1274 477 1315 540 (v.
1327 478 1381 540 ²5.)
1453 509 1455 542 2

316 607 488 671 Caesorum
506 615 636 670 tantum
653 625 712 670 ore
726 598 856 688 vident,
872 597 1045 694 alienaque
1057 600 1152 694 juxta

316 727 454 792 Pectora
475 747 483 790 :
501 747 578 817 pars
595 747 713 792 currus
731 720 876 808 deflent,
895 720 1069 815 viduisque
1085 719 1290 816 loquuntur,

315 849 388 914 Hoc
403 843 509 914 solum
527 843 606 938 quia
627 857 746 930 restat,
766 843 861 936 equis
880 865 890 912 s
908 840 986 936 pars
1005 841 1121 913 oscula
1139 842 1250 938 figunt

315 965 521 1035 Vulneribus
539 965 686 1059 magnis,
706 963 798 1033 etde
815 965 939 1032 virtute
956 979 1153 1057 queruntur.

271 1093 285 1138 f
315 1087 448 1184 Frigida
468 1088 632 1183 digeritur
653 1102 801 1181 strages:
824 1101 964 1180 patuere
981 1088 1093 1156 recisae

315 1213 403 1281 Cum
423 1207 571 1305 capulis,
591 1209 758 1303 hastisque
772 1233 912 1297 manus,
932 1208 1118 1302 mediisque
1136 1210 1267 1304 sagittae

314 1311 514 1401 Luminibus
533 1346 657 1402 stantes
676 1357 684 1399 :
703 1328 819 1400 multis
838 1331 978 1427 vestigia
996 1330 1097 1401 caedis

314 1451 431 1535 Nulla;
450 1468 552 1522 ruunt
570 1450 705 1547 planctu
726 1450 890 1546 pendente
910 1465 944 1520 et
956 1451 1081 1545 ubique
1098 1467 1226 1547 parato.

313 1579 357 1644 At
376 1575 502 1644 circum
521 1573 679 1644 informes
693 1588 832 1643 truncos
846 1572 1035 1642 miserabile
1054 1575 1162 1668 surgit

313 1697 508 1783 Certamen,
526 1697 584 1789 qui
600 1696 690 1789 justa
709 1695 836 1779 ferant,
856 1695 918 1787 qui
935 1693 1055 1764 funera
1072 1694 1206 1764 ducant

313 1819 406 1910 Saepe
425 1819 524 1887 etiam
542 1817 694 1905 hostiles,
712 1815 791 1894 lusit
810 1819 961 1885 Fortuna
976 1840 1168 1910 parumper,

232 1947 237 1956 ’
312 1940 454 2033 Decepti
472 1939 590 2012 flevere
608 1941 698 2008 viros
716 1965 723 2006 :
744 1964 805 2008 uec
819 1953 909 2013 certa
926 1937 1066 2008 facultas

313 2051 478 2146 Noscere,
498 2086 597 2154 quem
615 2061 728 2128 miseri
747 2061 873 2150 vitent,
893 2057 1062 2132 calcentve
1080 2086 1249 2132 cruorem.

360 2184 404 2249 At
418 2181 539 2275 quibus
556 2196 607 2252 est
622 2179 723 2250 illaesa
741 2181 879 2264 domus,
896 2182 1059 2275 vacuique
1076 2179 1227 2269 dolores,

313 2305 381 2372 Aut
395 2301 524 2378 deserta
543 2305 618 2398 vagi
636 2307 792 2379 Danaum
807 2306 953 2374 tentoria
971 2302 1128 2391 lustrant,
1146 2340 1152 2348 ·

312 2426 571 2521 Immittuntque
585 2423 694 2515 faces,
711 2440 771 2497 aut
790 2425 880 2523 (quae
892 2442 969 2521 post
984 2425 1072 2501 bellu
1089 2426 1260 2528 voluptas)

314 2544 480 2632 Quaerunt
498 2545 655 2641 dispersi,
671 2536 781 2641 jaceat
798 2572 867 2642 quo
881 2546 1018 2642 pulvere
1034 2550 1183 2644 Tydeus,

310 2668 363 2737 An
377 2668 464 2761 rapti
485 2680 598 2761 pateat
611 2692 728 2762 specus
739 2670 896 2763 auguris,
913 2685 973 2738 aut
989 2668 1048 2745 uhi
1066 2671 1193 2745 Divum
1304 2724 1311 2739 .

310 2789 441 2875 Hostis,
459 2813 502 2857 an
517 2789 658 2859 aetheriae
675 2791 791 2869 vivant
807 2815 867 2885 per
880 2791 1030 2869 membra
1045 2791 1174 2863 favillae.

243 2954 245 2957 .
359 2911 431 2978 Jam
448 2907 601 3004 lacrymis
615 2926 744 2981 exemta
761 2911 847 3000 dies,
862 2938 924 2987 nec
942 2938 1036 2983 serus
1055 2914 1167 3010 abegit

310 3034 439 3125 Vesper
459 3058 467 3097 τ
489 3047 602 3103 amant
619 3034 728 3101 miseri
750 3032 916 3120 lamenta,
932 3033 1094 3129 nralisque
1108 3036 1280 3108 fruuntur.

310 3152 379 3221 Nec
397 3153 529 3222 subiere
547 3152 683 3241 domos,
705 3152 762 3225 sed
778 3156 905 3226 circum
921 3156 1045 3231 funera·
1057 3183 1185 3252 pernox

309 3273 422 3342 Turba
437 3273 547 3360 sedet,
564 3276 759 3370 vicibusque
773 3276 860 3346 datis
873 3275 1006 3347 alterna
1019 3296 1187 3374 gementes

190 3484 192 3489 ι
309 3394 391 3485 Igne
408 3392 493 3463 feras
511 3392 713 3489 planctuque
727 3396 871 3493 fugant:
894 3424 955 3469 nec
967 3398 1123 3470 dulcibus
1138 3404 1237 3471 astris

308 3513 425 3602 Victa,
444 3540 505 3584 nec
521 3516 653 3587 assiduo
671 3518 824 3593 coierunt
839 3517 966 3593 lumina
982 3520 1074 3590 fletu.

356 3636 487 3705 Tertius
504 3640 672 3725 Auroram
693 3638 848 3733 pulsabat
865 3642 1012 3732 Lucifer,
1030 3659 1064 3711 et
1082 3645 1152 3738 jam

309 3756 482 3825 Montibus
498 3758 624 3827 orbatis
643 3756 795 3837 lucorum
809 3758 936 3855 gloria,
953 3788 1082 3859 magnae
1183 3797 1186 3805 ·

308 3876 482 3947 Theumesi
498 3902 618 3948 venere
632 3880 759 3971 trabes,
775 3896 811 3951 et
830 3886 934 3954 amica
956 3888 1128 3959 Cithaeron

307 3996 396 4067 Silva
414 4000 504 4094 rogis
522 4024 529 4066 :
548 3996 947 4075 ardentexcisaeviscera
962 4012 1070 4102 gentis

310 4117 454 4189 Molibus
471 4124 667 4207 exstructis:
687 4130 843 4219 supremo
854 4149 1001 4202 ¹munere
1017 4109 1166 4227 gaudent
