2934 4950
71 445 176 508 (urst.)
372 443 586 506 muamus
605 448 715 506 LIBER
736 451 785 506 tv.
1071 451 1108 512 25
1134 461 1139 476 ¹

69 569 231 640 Fluctibus
251 573 408 642 Asterion
426 597 434 639 ε
455 571 511 644 ille
526 547 594 643 alta
611 599 671 669 per
683 577 759 644 avia
777 589 876 646 notus

68 691 193 779 Audiri,
213 707 246 761 et
267 690 368 787 longe
386 709 560 787 pastorum
578 719 735 790 rumpere
756 721 900 769 somnos.
969 691 972 698 ¹

113 816 187 883 Una
202 827 317 882 tamen
333 814 473 904 tacitas,
492 815 550 884 sed
567 816 663 910 jussu
682 820 849 908 numinis,
869 819 989 906 undas,

67 937 138 1001 Hac
153 958 291 1028 quoque
305 949 452 1025 secreta,
472 936 580 1006 nutrit
594 929 737 1033 Langia,
757 939 820 1008 sub
838 939 967 1010 umbra.

67 1054 219 1124 Nondum
238 1053 288 1123 illi
304 1069 422 1150 raptus
438 1055 577 1126 dederat
592 1055 805 1153 lacrymabile
821 1085 943 1130 nomen

66 1176 305 1265 Arche-orus,
323 1201 387 1245 nec
403 1175 492 1247 sama
509 1181 610 1264 Deae3
627 1191 739 1248 tamen
759 1182 833 1250 avia
849 1197 959 1251 servat

66 1300 105 1365 Et
120 1321 255 1384 nemus,
275 1311 311 1365 et
328 1294 468 1367 fluvium
485 1323 494 1366 z
514 1314 629 1368 manet
645 1299 763 1394 ingens
779 1299 885 1396 gloria
906 1303 1104 1398 nympham,

65 1419 175 1506 Quum
190 1419 325 1487 tristem
342 1419 549 1514 Hypsipylen
569 1418 710 1491 ducibus
730 1421 868 1491 sudatus
883 1423 1010 1494 Achaeis

65 1539 193 1628 Ludus,
210 1555 245 1608 et
261 1553 335 1609 atra
352 1563 483 1610 sacrum
502 1539 622 1611 recolit
641 1541 783 1613 trieteris
803 1542 994 1644 Ophelten.¹

107 1666 215 1757 Ergo,
232 1651 298 1732 nec
308 1661 463 1732 ardentes
481 1661 615 1758 clypeos
634 1677 784 1752 vectare,
801 1689 865 1733 nec
882 1681 990 1735 arctos

65 1785 250 1854 Tboracum
266 1776 538 1880 nexus'(tantum
557 1784 629 1853 sitis
646 1782 784 1854 horrida
800 1783 952 1879 torquet)

65 1905 238 1976 Sufficiunt
257 1930 266 1973 :
284 1929 354 1974 non
370 1929 430 1975 ora
449 1898 566 1992 modo,
587 1902 804 2000 augustisque
823 1909 949 2002 perusti

65 2027 242 2117 Faucibus,
261 2027 401 2096 interior
416 2025 475 2094 sed
493 2027 542 2094 vis
560 2026 669 2120 quatit
688 2052 696 2094 ε
714 2051 833 2123 aspera
851 2025 964 2122 pulsu

66 2148 173 2224 Corda
191 2174 200 2217 ι
220 2145 333 2243 gelant
352 2171 460 2235 venae,
477 2143 511 2216 ct
526 2147 620 2216 siccis
636 2170 738 2216 cruor
755 2173 841 2243 aeger
855 2147 1001 2219 adhaeret

65 2270 252 2343 lucerinus
269 2295 278 2338 ε
295 2284 378 2339 tunc
393 2263 607 2365 solejputris,
626 2283 708 2338 tunc
723 2267 860 2364 pulvere
878 2268 975 2339 tellus

65 2391 201 2464 Exhalat
219 2390 359 2462 calidam
379 2390 515 2460 nubem.
533 2392 613 2462 Non
634 2415 793 2485 spumeus
810 2390 915 2459 imber

64 2518 178 2585 Manat
196 2538 321 2608 equum
337 2539 346 2582 ε
362 2512 458 2583 siccis
473 2510 609 2581 illidunt
621 2537 680 2581 ora
696 2510 834 2607 lupatis,

66 2639 130 2705 Ora
146 2649 315 2706 catenatas
333 2632 452 2729 procul
468 2633 649 2703 exertantia
667 2631 819 2728 linguas3

65 2761 132 2830 Nec
152 2758 258 2855 legem
273 2756 468 2828 dominosve
483 2757 576 2850 pati,
596 2754 655 2823 sed
674 2754 815 2850 perfurit
829 2756 915 2825 arvis

65 2880 283 2950 llammatum
299 2904 411 2975 pecus.
431 2882 507 2947 Huc
526 2875 606 2947 illuc
623 2874 766 2971 impellit
780 2876 941 2947 Adrastus

37 3049 45 3066 .
66 3001 315 3098 Exploratores,
336 3002 365 3070 si
383 2992 502 3095 stagna
522 2999 693 3095 Lycimnia
710 3010 852 3086 restent,

67 3125 99 3192 Si
116 3124 192 3218 quis
212 3126 416 3215 Amymones
431 3134 564 3214 superet
582 3116 694 3212 liquor
715 3144 724 3185 ε
744 3120 858 3188 omnia
875 3096 968 3187 caecls

67 3244 201 3339 Ignibus
217 3232 338 3312 hausta
355 3240 488 3326 sedent;
507 3264 568 3309 nec
585 3264 660 3334 spes
677 3240 847 3309 humentis
863 3236 1018 3334 Olympi:

67 3368 134 3435 Ceu
150 3364 270 3434 flavam
290 3363 418 3458 Libyen
435 3359 640 3455 desertaque
650 3358 797 3456 pulveris
816 3360 887 3431 Afri

67 3483 288 3571 Collustrent,
310 3483 470 3577 nullaque
485 3482 674 3552 umbratam
693 3483 784 3551 nube
804 3485 944 3576 Syenen.

111 3605 262 3675 Tandem
283 3607 371 3674 inter
388 3602 503 3690 silvas,
519 3604 567 3672 sic
583 3603 685 3673 Evius
702 3603 774 3697 ipsc
791 3602 944 3697 parabat,

70 3732 220 3797 Errantes
236 3727 380 3797 subitam
402 3724 544 3820 pulchro
563 3726 597 3792 in
616 3724 757 3793 moerore
774 3738 912 3792 tuentur

70 3847 267 3945 Hypsipylen
285 3874 294 3918 τ
312 3845 361 3915 illi
377 3848 529 3941 quamvis
550 3860 583 3915 et
599 3846 643 3914 ab
659 3845 764 3914 ubere
785 3843 945 3938 Opheltes

69 3969 142 4039 Non
161 3995 258 4057 suus,
278 3968 407 4037 Inachii
426 3966 537 4063 proles
559 3966 702 4035 inlausta
718 3966 863 4060 Lycurgi

70 4091 260 4185 Dependet,
277 4089 429 4187 neglecta
446 4114 598 4177 comam,
619 4113 682 4158 uec
700 4086 791 4157 dives
810 4088 949 4174 amictu3
