2934 4950
322 407 415 483 '252
623 441 625 446 ·
673 417 886 477 unanimos
906 417 1015 474 cmm
1036 415 1108 473 xrr.
1301 419 1388 478 (aas
1423 368 1425 459 l

358 553 505 641 Sunion,
524 548 615 619 unde
630 549 708 643 vagi
726 571 881 616 casurum
902 547 938 614 in
955 543 1096 614 nomina
1112 543 1210 638 ponti

358 674 491 746 Cressia
511 672 644 767 decepit
662 668 747 738 salso
765 669 847 738 ratis
868 669 970 763 AEgea
990 664 1076 735 velo.

358 799 429 866 Hos
446 792 587 864 Salamis
606 788 766 887 populos,
784 786 859 859 illos
877 785 1024 858 Cerealis
1041 785 1181 856 Eleusin

359 915 505 986 Horrida
522 914 691 1008 suspensis
710 911 754 982 ad
771 909 889 1006 proelia
905 909 995 978 misit
1013 911 1134 978 aratris
1152 935 1161 976 z

358 1043 404 1110 Et
419 1063 502 1133 quos
521 1007 690 1108 Callirhoe
707 1034 823 1104 novies
843 1033 1033 1102 errantibus
1051 1031 1153 1101 undis

360 1158 532 1256 Implicat,
546 1173 580 1227 et
596 1129 776 1253 raptae'qui
796 1156 948 1225 conscius
966 1154 1131 1247 Orithyiae

361 1280 491 1353 Celavit
510 1280 647 1350 Geticos
664 1275 747 1372 ripis
763 1275 876 1346 llissos
894 1301 1035 1345 amores.

361 1407 437 1499 Ipse
450 1426 584 1498 quoque
601 1403 637 1469 in
652 1423 782 1495 pugnas
798 1413 960 1467 vacuatur
974 1395 1088 1481 collis,
1108 1397 1167 1466 nbi
1187 1399 1308 1492 ingens
1431 1420 1432 1503 q

360 1526 419 1595 Lis
435 1528 622 1620 Superum,
642 1519 752 1590 dubiis
770 1518 877 1588 donec
895 1543 982 1587 nova
1001 1533 1154 1613 surgeret
1175 1519 1282 1589 arbor
1431 1559 1433 1625 1,

361 1645 532 1742 Rupibus,
552 1658 587 1713 et
602 1641 703 1739 longa
720 1640 876 1736 refugum
893 1665 987 1710 mare
1002 1641 1176 1735 frangeret
1195 1643 1328 1710 umbra.
1433 1720 1434 1737 E

361 1771 446 1837 Isset
462 1780 496 1834 et
512 1771 651 1836 Arctoas
667 1763 816 1833 Cadmea
834 1761 877 1831 ad
897 1763 1020 1831 moenia
1039 1762 1164 1832 ducens

362 1885 542 1982 Hippolyte
556 1899 684 1954 turmas
702 1911 710 1952 :
730 1885 852 1953 retinet
868 1885 940 1977 jam
960 1897 1051 1953 certa
1070 1887 1233 1953 tumentis

363 2013 447 2104 Spes
468 2008 573 2092 uteri,
590 2007 781 2100 conjuxque
797 2019 895 2100 rogat
910 2004 1079 2074 dimittere
1097 2031 1197 2075 curas

362 2131 499 2216 Martis,
514 2143 548 2198 et
565 2129 719 2198 emeritas
738 2125 885 2198 thalamo
895 2132 1037 2196 'sacrare
1054 2128 1244 2222 pharetras.

413 2257 483 2322 llos
501 2251 559 2320 ubi
580 2248 665 2320 velle
682 2252 786 2338 acies,
806 2263 840 2319 et
857 2250 948 2319 dulci
967 2248 1107 2346 gliscere
1125 2249 1218 2320 ferro

362 2381 443 2446 Dux
461 2374 572 2458 videt,
588 2387 690 2467 utque
707 2373 771 2467 piis
791 2373 915 2467 raptim
933 2372 1014 2440 dent
1032 2371 1147 2441 oscula
1165 2375 1255 2442 natis

363 2494 615 2591 amplexusque
635 2495 772 2584 breves,
791 2519 893 2564 curru
913 2495 959 2562 sic
977 2493 1067 2563 fatur
1086 2494 1129 2562 ab
1146 2493 1243 2564 alto:

363 2620 572 2688 «Terrarum
592 2616 680 2712 leges
698 2630 731 2685 et
750 2615 868 2685 mundi
886 2614 1010 2684 foedera
1032 2640 1163 2685 mecum

363 2737 553 2809 Defensura
569 2762 708 2823 manus,
725 2737 845 2833 dignas
865 2738 1025 2806 insumite
1042 2753 1172 2808 mentes

364 2860 535 2954 Coeptibus
547 2886 555 2929 τ
567 2859 774 2929 hacomnem
786 2860 978 2955 Divumque
989 2859 1235 2956 hominumque
1247 2863 1401 2942 favorem,

363 2981 595 3075 Naturamque
612 2981 753 3067 ducem,
769 2996 939 3074 coetusque
955 2979 1082 3051 silentis
1102 2987 1228 3052 Averni

364 3105 459 3172 Stare
478 3102 589 3199 palam
610 3117 684 3171 est:
703 3100 772 3172 illic
789 3105 967 3172 Poenarum
986 3106 1131 3174 exercita
1148 3106 1274 3176 Thebis

364 3226 531 3318 Agmina,
549 3240 583 3294 et
597 3224 804 3317 anguicomae
824 3225 948 3294 ducent
966 3225 1087 3295 vexilla
1103 3253 1248 3297 sorores.

363 3350 413 3416 Ite
431 3344 574 3435 alacres,
595 3360 777 3441 tantaeque,
795 3371 929 3442 precor,
947 3347 1106 3417 confidite
1124 3374 1244 3418 causae.
1258 3380 1275 3414 a

411 3469 519 3555 Dixit,
538 3482 573 3537 et
590 3470 707 3538 emissa
725 3494 871 3565 praeceps
890 3471 954 3540 iter
972 3470 1109 3540 inchoat
1129 3472 1236 3542 hasta.

359 3588 482 3689 Qualis
497 3589 722 3685 hyperboreos
742 3591 798 3659 ubi
819 3591 953 3661 nubilus
973 3592 1095 3662 institit
1112 3619 1190 3663 axes

361 3712 530 3806 luppiter,
549 3727 584 3781 et
600 3714 708 3808 prima
727 3712 911 3784 tremefecit
928 3713 1036 3783 sidera
1053 3715 1193 3803 bruma3

363 3835 545 3927 Rumpitur
566 3833 690 3922 AEolia,
708 3851 742 3905 et
762 3834 895 3930 longam
917 3836 1091 3932 indignata
1111 3840 1259 3930 quietem

362 3952 462 4025 Tollit
480 3956 588 4025 hiems
606 3959 752 4044 animos,
773 3958 975 4052 ventosaque
993 3957 1104 4028 sibilat
1122 3963 1252 4031 Arctos.

361 4078 456 4145 Tunc
476 4092 604 4148 montes
626 4078 789 4174 undaeque
809 4079 973 4168 fremunt,
992 4096 1073 4151 tuuc
1091 4079 1209 4177 proelia
1227 4082 1318 4150 caesis
