2934 4950
88 419 174 482 (cst.)
405 421 601 480 SEVARUB
621 423 732 485 olona
754 423 787 476 V.

89 554 203 625 obruis
219 549 279 622 ab!
299 552 373 622 dira
389 578 398 620 ε
417 555 490 624 viso
506 553 553 620 sic
570 546 809 620 rotumnam

87 674 255 771 Coniugis,
275 677 404 745 invenit
421 688 556 744 caneret
575 671 667 767 quod
683 670 846 742 Thracius
865 666 1022 761 Orpbeus

87 795 188 865 Dulce
204 797 283 882 sibi;
298 797 346 865 sic
359 796 457 865 busta
473 795 549 864 Lini
564 792 755 888 complexus
771 787 891 886 Apollo

88 917 158 986 Non
174 919 287 986 tacuit.
307 917 440 986 Nimius
458 915 612 1000 fortasse,
630 909 957 1007 avidusque'doloris

86 1038 195 1124 Dicar,
207 1053 242 1107 et
256 1039 292 1106 in
308 1036 461 1134 lacrymis
472 1037 602 1131 justum
616 1035 791 1106 excessisse
806 1032 979 1129 pudorem.

87 1158 245 1246 Quisnam
261 1172 373 1227 autem
390 1157 551 1253 gemitus,
569 1154 778 1250 lamentaque
797 1169 909 1224 nostra
930 1149 1121 1247 reprendit?

87 1278 270 1348 Onimium
288 1276 381 1367 felix,
399 1278 541 1346 nimium
560 1277 768 1376 erudelis,et
785 1300 900 1370 expers

87 1401 233 1492 imperii,
251 1402 414 1488 Fortuna,
431 1399 498 1488 tui,
516 1399 574 1492 qui
592 1397 700 1466 dicere
716 1396 821 1495 legem

87 1519 240 1608 Fletibus,
258 1533 316 1589 aut
332 1518 414 1588 linea
429 1517 531 1589 audet
545 1543 680 1589 censere
696 1515 844 1610 dolendi!

86 1643 215 1729 Incitat,
230 1637 309 1711 beu!
325 1638 478 1735 planctus
496 1666 504 1708 τ
522 1641 634 1736 potius
653 1639 814 1735 fugientia
831 1640 922 1734 ripas

88 1759 233 1831 Flumina
250 1761 426 1847 devincas,
443 1759 568 1863 rapidis
586 1775 645 1830 aut
661 1762 795 1855 ignibus
813 1761 940 1845 obstes,

88 1882 191 1970 Quam
206 1883 344 1952 miseros
361 1880 474 1980 lugere
489 1859 582 1951 rietes
599 1910 607 1950 :
625 1879 810 1952 tamenille
826 1905 974 1966 severus,

88 2002 241 2096 Quisquis
257 2004 370 2090 istest,
388 2018 509 2073 nostrae
525 2019 701 2098 cognoscat
717 2002 857 2074 vulnera
872 2026 986 2073 musae.

129 2125 203 2192 Non
218 2148 283 2218 ego
297 2137 462 2193 mercatus
477 2124 599 2196 Pharia
616 2124 657 2192 de
675 2121 764 2218 pube
781 2122 932 2217 loquaces

88 2243 235 2331 Delicias,
253 2243 432 2314 doctumve
449 2245 501 2312 sui
516 2246 668 2314 convicia
683 2241 752 2314 Nili

20 2404 21 2409 κ
88 2366 259 2451 Infantem,
276 2363 391 2460 lingua
406 2366 563 2453 nimium,
581 2359 770 2459 salibusque
789 2379 981 2459 protervum

87 2484 187 2555 Dilexi
206 2513 215 2555 ι
233 2509 327 2555 meus
342 2484 412 2574 ille,
428 2510 521 2555 meus
538 2512 546 2554 ε
569 2484 687 2555 tellure
703 2485 875 2556 cadentem

86 2609 216 2702 Excepi,
230 2621 266 2676 et
281 2608 429 2676 vinctum
447 2604 582 2702 genitali
600 2607 745 2676 carmine
762 2605 846 2691 fovi3

88 2727 336 2821 Pulsantemque
356 2751 459 2797 novas
479 2726 628 2797 tremulis
649 2724 831 2797 ululatibus
845 2750 949 2795 auras

87 2851 206 2920 inserui
225 2850 302 2918 vitae
318 2875 326 2917 ε
343 2848 425 2943 quid
443 2848 518 2943 plus
538 2849 683 2918 tribuere
699 2846 874 2943 parentes?

87 2971 170 3060 Quin
188 2968 271 3040 alios
287 2984 397 3057 ortus,
418 2968 672 3063 libertatemque
687 2970 749 3039 sub
765 2968 844 3063 ipsis

88 3092 246 3162 Uberibus
261 3088 338 3175 tibi,
354 3114 470 3183 parve,
486 3089 579 3175 dedi,
597 3104 635 3160 tu
652 3114 792 3159 munera
808 3103 922 3157 nostra
1041 3086 1048 3097 '

89 3210 237 3297 Ridebas,
254 3210 390 3304 ignarus
411 3208 520 3278 adbuc
540 3235 548 3278 ε
566 3212 796 3305 properaverit
814 3208 884 3296 ille,

89 3330 144 3397 Sed
160 3330 280 3399 merito
296 3329 513 3423 properabat,
531 3354 642 3416 amor;
662 3356 705 3400 ne
719 3328 875 3426 perderet
892 3327 999 3397 ullum

88 3450 229 3519 libertas
247 3462 318 3518 tam
334 3473 438 3543 parva
457 3448 545 3519 diem
564 3476 572 3517 :
592 3474 705 3519 nonne
718 3450 874 3520 horridus
891 3452 979 3545 ipsos

87 3569 206 3638 invidia
223 3571 386 3662 Superos,
404 3570 594 3665 injustaque
612 3573 752 3641 Tartara
770 3569 918 3664 pulsem?

89 3692 199 3759 Nonne
215 3714 346 3785 gemam
365 3705 414 3779 te,
432 3660 506 3760 carc
525 3690 627 3787 puer?
642 3716 711 3786 quo
730 3691 869 3786 sospite,
890 3705 985 3760 natos

87 3811 156 3879 Non
170 3811 278 3906 cupii;
298 3811 409 3906 primo
424 3814 587 3907 gremium
604 3814 659 3882 cui
678 3827 837 3908 protenus
857 3826 935 3883 ortu

87 3929 246 4025 Adplicui,
266 3930 392 4028 fixique
410 3958 538 4021 meum3
559 3935 612 4003 cui
631 3934 747 4020 verba,
768 3957 930 4027 sonosque

87 4053 278 4143 Monstravi,
296 4069 500 4149 questusque
516 4069 549 4125 et
566 4080 737 4125 murmura
755 4080 839 4126 caeca
857 4053 1038 4143 resolvens3
