2934 4950
394 383 432 459 98
704 386 923 443 turannos
942 384 1055 442 nmen
1077 386 1143 441 vu.
1327 386 1415 447 (129⁵,

394 507 551 597 Falleris,
570 512 739 605 Antigone
756 537 765 579 ε
783 510 878 579 multi
899 512 979 597 bos,
999 534 1079 579 nam
1092 509 1217 603 decipit
1231 522 1325 596 atas,

393 631 562 701 Dixerunt
579 630 698 731 fratres
714 658 722 701 ε
739 646 835 727 pater
851 646 916 719 est,
935 646 1120 725 natusque3
1136 629 1194 697 sed
1211 631 1273 697 cvi

395 750 585 821 Confudere
603 752 720 821 modos
739 777 748 820 z
768 777 911 848 puerum
928 752 1132 848 Lapithonia
1148 750 1298 846 nympha

394 874 558 958 Dii-cetis,
576 888 746 968 expertem
764 873 920 961 thalami,
940 873 1151 967 crudumque
1168 873 1297 943 maritis

393 994 552 1089 Ignibus,
572 1009 650 1063 ante
667 994 755 1064 diem
772 994 896 1090 cupido
918 992 1057 1064 violavit
1074 1018 1212 1084 amore,

392 1116 552 1212 Improba
569 1116 728 1186 connubii
746 1142 755 1184 τ
772 1142 835 1185 nec
852 1115 991 1210 longum
1006 1130 1041 1185 et
1057 1114 1198 1211 pulcher
1214 1112 1382 1185 Alatbreus

392 1236 529 1323 Editus,
548 1262 587 1305 ac
604 1239 720 1331 primae
738 1238 926 1332 genitorem
946 1239 981 1306 in
1001 1237 1083 1307 flore
1097 1238 1245 1331 juventae

392 1360 629 1453 Consequitur,
649 1360 816 1453 traxitque
834 1372 946 1448 notas,
963 1373 999 1427 et
1015 1360 1151 1429 miscuit
1167 1382 1285 1427 annos.

392 1485 434 1551 Et
452 1506 542 1551 nuno
561 1482 608 1549 sio
628 1479 747 1550 fratres
765 1481 907 1549 mentito
926 1482 1062 1549 nomine
1077 1478 1247 1574 gaudent;

392 1602 471 1672 Plus
490 1617 609 1695 pater:
629 1602 719 1671 hunc
737 1598 818 1670 olim
832 1600 930 1694 juvat
945 1616 978 1669 et
997 1615 1139 1670 ventura
1156 1616 1317 1670 senectus.

392 1726 594 1795 Tercentum
611 1723 755 1819 genitor,
775 1722 981 1816 totidemque
997 1723 1032 1791 in
1048 1721 1168 1817 proelia
1184 1737 1283 1792 natus

392 1850 557 1914 Exercent
572 1847 698 1939 equites
713 1871 721 1912 ε
738 1844 774 1913 hi
792 1843 977 1914 deseruisse
994 1845 1147 1915 femntur

388 1982 515 2052 Exilem
536 1979 705 2068 Glisanta,
724 1974 991 2074 Coroniamque,
1009 1981 1150 2052 feracem

389 2103 498 2169 Messe
516 2102 713 2190 Coroniam,
733 2100 868 2169 Baccho
888 2085 1044 2173 Glisanta
1063 2102 1224 2171 colentes.

439 2220 530 2290 «Sed
552 2223 665 2316 potius
686 2220 791 2291 celsos
810 2221 1024 2291 umbrantem
1042 2220 1133 2290 hunc
1146 2220 1282 2317 adspice
1296 2220 1354 2315 late

390 2349 521 2438 Hypsea
539 2343 776 2437 quadrijugos,
796 2342 902 2439 clypei
922 2340 1137 2444 septemplice
1157 2357 1256 2411 tauro

389 2468 503 2552 Laeva,
521 2481 573 2534 ter
588 2466 700 2535 insuto
716 2480 903 2536 servantem
921 2466 1070 2560 ingentia
1084 2464 1172 2534 ferro

388 2591 553 2658 Pectora:
572 2611 649 2656 nam
668 2602 765 2682 tergo
787 2610 960 2681 nunquam
981 2601 1091 2656 metus
1109 2614 1118 2654 τ
1136 2589 1230 2655 hasta
1246 2599 1393 2655 vetustum

388 2707 555 2779 Silvarum
571 2709 690 2797 decus,
710 2713 837 2778 emissae
853 2711 906 2779 cui
923 2712 1036 2804 pervia
1053 2735 1184 2806 semper

389 2833 574 2927 Armaque,
592 2846 795 2928 pectoraque
814 2848 849 2901 et
867 2857 1041 2926 nunquam
1058 2857 1177 2902 manus
1193 2835 1287 2901 irrita
1308 2831 1376 2900 voti.

388 2955 518 3046 Asopos
540 2953 692 3048 genuisse
709 2952 822 3041 datur,
839 2953 1028 3048 dignusque
1047 2954 1151 3022 videri

388 3077 483 3144 Tunc
497 3090 609 3169 pater,
628 3073 781 3162 abruptis
799 3101 905 3168 quum
923 3076 1185 3144 torrentissimus
1203 3079 1272 3145 exit

388 3194 570 3283 Pontibus,
591 3211 648 3264 aut
666 3214 752 3265 natae
769 3197 917 3266 tumidus
929 3221 1035 3291 quum
1049 3199 1188 3292 virginis
1205 3200 1296 3268 ultor

388 3312 542 3384 Flumina
558 3318 741 3404 concussit,
761 3341 920 3411 generum
936 3318 1112 3415 indignata
1129 3322 1328 3389 Tonantem.

387 3437 543 3530 Namque
561 3437 673 3506 ferunt
694 3453 827 3533 raptam
845 3441 962 3533 patriis
979 3439 1124 3537 AEginan
1141 3442 1183 3510 ab
1201 3441 1299 3511 undis

386 3557 551 3651 Amplexu
572 3558 706 3629 latuisse
725 3563 817 3629 Jovis
835 3587 843 3628 :
862 3559 944 3630 furit
959 3563 1086 3650 amitis,
1102 3578 1136 3632 et
1152 3565 1251 3632 astris

386 3678 540 3749 Infensus
558 3680 682 3750 bellare
696 3698 794 3777 parat
813 3682 983 3780 (nondum
1001 3685 1065 3753 ista
1081 3683 1230 3755 licebant

387 3799 459 3880 Neo
475 3801 653 3898 Superis);
670 3805 763 3873 stetit
780 3805 923 3876 audaces
938 3803 1066 3910 ellitsus
1083 3808 1118 3876 in
1135 3809 1222 3896 iras,
1325 3845 1332 3858 ·

387 3925 632 4018 Conseruitque
650 3951 788 4017 manus,
807 3953 868 3997 nec
888 3953 988 4022 quem
1010 3928 1208 4026 imploraret
1227 3931 1373 4011 habebat,

386 4047 504 4115 Donec
522 4048 555 4114 vi
572 4051 716 4118 tonitrus
736 4050 928 4139 submotus,
949 4067 983 4119 et
1001 4053 1078 4147 igne
1093 4052 1233 4122 trisulco
