2934 4950
74 365 177 424 eus.)
399 361 609 418 rnnaunos
631 363 743 419 nnana
758 363 792 416 v.
1075 370 1113 435 ,9

74 486 255 555 Dissultant
272 509 378 566 nexus
395 511 403 554 ε
421 493 494 556 «At
509 513 577 556 non
596 513 670 557 mea
691 488 844 574 vulnera,
866 485 1002 574 clamat,

74 611 135 700 (Et
151 607 246 676 trabe
262 605 412 676 fraxinea
431 611 607 704 Capaneus
626 609 715 678 subit
734 606 895 705 obvius),
913 631 1063 701 unquam

73 727 235 822 Effugies,
254 751 312 797 seu
331 741 369 798 tu
387 728 501 823 pavidi
518 730 607 799 ferus
624 729 734 800 incola
751 729 836 820 luci,

73 850 145 917 Sive
164 851 263 936 Deis,
282 852 478 944 utinamque
498 854 577 920 Deis
596 876 754 922 concessa
773 850 926 947 voluptas
949 879 956 919 :

73 973 164 1058 Non,
183 975 211 1040 si
231 987 421 1042 consertum
439 972 626 1067 superhaec
646 973 729 1041 mibi
749 973 898 1043 membra
918 975 1064 1068 Giganta

73 1091 286 1162 Subveberes.
298 1122 314 1157 »
334 1083 435 1162 Volat
453 1093 550 1162 hasta
569 1109 730 1184 mmens,
750 1109 784 1162 et
803 1095 930 1163 hiantia
947 1095 1086 1162 monstri

73 1215 138 1279 Ora
157 1213 267 1301 subit,
284 1212 470 1308 linguaeque
483 1217 579 1284 'secat
599 1210 669 1284 fera
689 1212 799 1282 vincla
820 1212 988 1285 trisulcae:

73 1336 197 1425 Perque
215 1334 313 1426 jubas
333 1349 474 1419 stantes,
493 1337 675 1430 capitisque
696 1337 825 1430 insigne
844 1336 972 1404 corusci

74 1455 213 1538 Emicat,
235 1469 269 1523 ct
289 1456 376 1550 nigri
397 1458 489 1524 sanie
507 1455 641 1552 perfilsa
660 1458 787 1526 cerebri

74 1576 198 1668 Figitur
215 1573 283 1643 alta
300 1574 372 1644 solo
393 1603 401 1643 ε
422 1574 542 1671 longus
560 1579 615 1645 vix
634 1592 703 1646 tota
719 1579 848 1673 peregit
899 1631 901 1634 -

75 1697 222 1765 Membra
237 1695 347 1784 dolor,
365 1697 482 1792 rapido
497 1697 584 1767 celer
600 1697 655 1767 ille
671 1698 839 1768 volumine
856 1697 957 1769 telum

73 1819 214 1905 Circuit,
231 1815 450 1910 avulsumque
466 1817 572 1888 ferens
590 1821 625 1888 in
641 1844 744 1914 opaca
763 1819 884 1916 refugit

74 1937 209 2032 Templa
223 1940 287 2007 Dei
304 1964 313 2006 z
330 1939 385 2008 hic
400 1965 524 2035 magno
540 1939 690 2009 tellurem
707 1940 854 2036 pondere
874 1967 1005 2015 mensus

74 2057 309 2154 Implorantem
328 2054 472 2129 animam
490 2061 634 2130 dominis
652 2061 799 2132 assibilat
816 2065 891 2132 aris.

120 2179 221 2250 Illum
235 2197 269 2250 et
284 2198 431 2277 cognatae
447 2198 564 2279 stagna
579 2183 790 2278 indignantia
804 2189 939 2272 Lernae,

75 2301 223 2371 Floribus
241 2318 274 2371 et
291 2306 401 2375 vernis
419 2319 555 2374 assuetae
573 2330 729 2400 spargere
746 2305 925 2399 Nymphae,

75 2421 115 2490 Et
132 2426 274 2495 Nemees
292 2438 440 2522 reptatus
457 2451 555 2522 ager,
575 2425 733 2521 lucosque
751 2451 812 2522 per
832 2451 944 2495 omues

75 2544 252 2632 silvicolae,
271 2546 393 2633 fracta,
415 2549 601 2642 gemuistis,
622 2547 801 2636 arundine,
822 2548 938 2616 Fauni.

118 2670 194 2762 Ipse
210 2668 310 2736 etiam
324 2692 453 2737 summa
463 2670 532 2763 jam
549 2668 614 2737 tela
629 2683 825 2764 poposcerat
837 2660 940 2737 aethra

74 2789 237 2883 luppiter,
256 2804 291 2857 et
307 2788 434 2859 dudum
453 2790 625 2884 nimbique
643 2791 833 2884 hiemesque
851 2788 1001 2873 coibant,

76 2908 117 2977 Ni
133 2913 245 2980 minor
264 2911 313 2979 ira
331 2915 421 3000 Deo,
444 2912 663 3007 gravioraque
679 2910 745 2980 tela
763 2912 881 2981 mereri

75 3032 225 3100 &mattis
242 3035 418 3126 Capaneus
436 3058 443 3100 :
463 3035 544 3102 moti
561 3048 673 3102 tamen
690 3058 771 3101 aura
789 3034 935 3101 cucurrit

74 3150 248 3238 Fulminis,
269 3167 304 3221 et
320 3178 463 3222 summas
480 3152 596 3222 libavit
612 3156 736 3223 vertice
751 3155 876 3224 cristas.
964 3168 968 3175 '

120 3276 256 3367 Jamque
271 3276 449 3367 pererratis
465 3272 578 3344 infelix
594 3277 732 3345 Lemnia
748 3277 890 3371 campis,

74 3392 223 3463 Liberat
239 3418 349 3488 angue
364 3392 474 3481 loeus,
489 3394 622 3465 modico
636 3421 736 3491 super
750 3420 870 3491 aggere
885 3394 983 3489 longe

75 3510 195 3583 Pallida
210 3516 401 3609 sanguineis
417 3515 553 3585 iniectas
567 3516 700 3587 roribus
713 3517 850 3586 herbas

76 3634 234 3729 Prospicit
254 3663 262 3704 ε
281 3636 347 3705 huc
366 3662 487 3732 magno
507 3631 642 3708 cursum
659 3639 748 3733 rapit
765 3638 865 3708 effera
885 3636 993 3722 luctu,

80 3756 298 3850 Agnoscitque
313 3756 406 3828 nefas
424 3786 432 3828 ε
450 3774 613 3854 terraeque
629 3759 714 3830 illisa
730 3762 863 3829 nocenti

76 3873 233 3945 Fulminis
249 3880 285 3946 in
302 3904 446 3965 morem,
464 3906 532 3950 non
551 3883 652 3952 verba
667 3885 703 3951 in
721 3882 837 3951 funere
853 3884 981 3978 primo,

76 3997 155 4063 Non
169 3996 328 4093 lacrymas
345 4000 445 4070 habet
459 4030 468 4071 ε
483 4004 666 4099 ingeminat
682 4008 802 4073 misera
816 4000 929 4072 oscula
945 4014 1074 4069 tantum

219 4145 253 4188 ¹¹·
930 4126 952 4205 l
