2934 4950
370 450 423 508 138
599 453 600 468 ¹
662 452 877 514 THEBAIIJOE
896 456 1009 513 usus
1030 456 1113 512 vm.
1294 459 1397 520 ('·⁶⁵⁵-l

363 580 464 646 Fessa
480 579 553 672 pios
574 581 729 675 gemitus,
748 579 976 677 lacrymasque
995 584 1030 650 in
1050 581 1179 651 lumina
1197 582 1291 652 firdit

412 702 570 794 Dumque
589 726 629 771 ea
649 726 708 797 per
726 702 874 790 Thebas,
892 701 966 773 aliis
982 703 1194 797 serpentibus
1212 704 1329 797 ardens

363 822 407 890 Et
423 818 495 892 lace
512 836 639 892 mutata
657 820 783 893 bellum
804 824 992 919 integrabat
1005 827 1113 918 Enyo.

366 946 465 1011 drrna
484 942 619 1029 volunt,
640 944 767 1039 primos
783 942 886 1013 veluti
906 943 1008 1013 modo
1029 947 1181 1014 cominus
1198 948 1283 1015 ictus

361 1062 580 1154 Sustulerint,
600 1067 778 1159 omnisque
791 1066 974 1135 etilsmnum
994 1063 1106 1134 luceat
1124 1069 1222 1135 ensis.

407 1187 539 1255 Eminet
557 1186 722 1273 OEnides3
741 1189 893 1281 quamvis
909 1201 942 1255 et
960 1186 1126 1256 arundine
1145 1202 1237 1257 certa

359 1305 617 1401 Parthenopaeus
634 1321 729 1400 agat,
744 1308 1013 1401 morientumque
1027 1332 1088 1375 ora
1107 1306 1232 1376 furenti

358 1426 591 1522 Hippomedon
608 1408 780 1522 proculcet
796 1450 902 1521 equo,
916 1430 1141 1522 Capaneaque
1158 1429 1257 1523 pinus

355 1552 428 1616 lam
447 1546 564 1642 procul
580 1550 697 1619 Aoniis
719 1547 810 1617 volet
822 1548 1035 1643 agnoscende
1055 1552 1208 1620 catervis.

403 1669 534 1764 Tydeos
548 1669 603 1740 illa
622 1670 713 1739 dies:
732 1666 829 1738 illum
846 1669 1061 1764 fugiuntque,
1082 1686 1295 1767 tremuntque

354 1790 563 1862 Clementem
580 1818 588 1862 ε
606 1794 709 1883 «Quo
725 1806 820 1888 terga
839 1790 944 1862 datis?
963 1790 1043 1861 licet
1057 1816 1135 1862 ecce
1149 1810 1313 1887 peremtos

353 1911 477 1985 Ulcisei
498 1916 619 2000 socios,
639 1920 855 2007 moestumque
874 1911 1058 2009 rependere
1076 1928 1219 1983 noctem.

352 2033 411 2104 Ille
428 2059 491 2131 ego
508 2033 682 2131 inexpletis
699 2031 791 2105 solus
807 2037 865 2127 qni
883 2033 1028 2103 cedibus
1046 2035 1142 2103 hausi

351 2157 605 2256 Quinquaginta
623 2158 773 2225 animas:
790 2154 944 2243 tetidem,
962 2155 1168 2249 totidemque
1185 2160 1312 2253 gregati

350 2281 447 2346 Ferte
463 2297 581 2345 manus
598 2273 750 2345 :nulline
769 2291 898 2370 patres,
915 2274 1045 2345 nulline
1059 2279 1231 2371 jacentum

349 2398 509 2469 Unanimi
527 2395 668 2466 fratres?
684 2420 760 2492 quae
781 2410 875 2465 tanta
896 2394 1020 2465 oblivia
1036 2395 1167 2466 luctus?

346 2522 457 2610 Quam
474 2517 580 2616 pudet
599 2519 751 2590 Inachias
768 2491 961 2590 contentum
978 2519 1099 2590 abiisse
1116 2517 1293 2615 Mycenas!

345 2643 432 2710 Hinc
450 2667 552 2737 super
568 2641 714 2713 Thebis?
732 2642 802 2712 hec
819 2641 944 2711 robora
962 2641 1074 2738 regis?
1089 2641 1147 2710 ubi
1166 2658 1280 2713 autem

343 2765 508 2860 Egregius
525 2764 592 2832 dur
612 2761 668 2832 ille
682 2763 786 2832 mihi?
797 2792 815 2829 s
832 2762 931 2832 simul
951 2761 1071 2832 ordine
1084 2762 1166 2834 laevo

342 2887 457 2980 Ipsum
473 2885 703 2955 exhortantem
721 2909 863 2971 cuneos,
882 2886 1066 2979 capitisque
1083 2887 1220 2981 superbi

341 3003 509 3102 Insignem
528 3005 658 3102 fulgore
675 3007 787 3076 videt:
805 3031 866 3076 nec
884 3009 1017 3102 segnius
1034 3006 1154 3078 ardens

342 3130 512 3216 Accurrit,
531 3129 629 3197 niveo
649 3153 751 3221 quam
770 3127 957 3225 flammiger
975 3128 1043 3198 ales
1064 3126 1149 3198 olori

338 3252 512 3336 Imminet,
529 3264 563 3319 et
579 3273 701 3345 magna
716 3250 885 3347 trepidum
908 3249 1118 3347 circumligat
1133 3251 1263 3322 umbra.

385 3373 483 3440 Tunc
501 3373 617 3466 prior:
637 3375 780 3444 «Aonie
799 3397 858 3442 rex
874 3397 895 3442 o
911 3373 1093 3467 justissime
1114 3377 1240 3470 gentis,

337 3495 428 3561 lmus
446 3494 481 3561 in
501 3518 594 3563 erma
613 3493 744 3591 palam,
764 3494 965 3591 tandemque
981 3495 1188 3566 ostendimus
1205 3496 1316 3593 enses?

334 3621 386 3687 hu
407 3627 538 3683 noctem
554 3628 587 3684 et
605 3614 719 3686 solitas
737 3615 848 3712 placet
865 3628 1054 3713 exspectare
1072 3617 1272 3688 tenebras?s

382 3732 442 3807 Ille
464 3736 546 3806 nihil
565 3751 702 3826 eontra3
721 3738 780 3808 sed
799 3739 940 3808 stridula
958 3764 1082 3808 cornus
1100 3741 1135 3809 in
1155 3741 1279 3810 bostem

333 3862 365 3928 It
380 3858 524 3930 reserens
543 3860 702 3931 ntandata
718 3861 831 3948 ducis,
848 3887 948 3955 quam
966 3862 1127 3956 providus
1142 3862 1237 3931 heros

330 3980 471 4074 lamjam
489 3982 523 4051 in
542 3981 612 4052 fine
628 3983 691 4052 viae
712 4007 903 4079 percussam
923 3981 1093 4077 obliquat,
1112 3988 1232 4079 etipse

330 4097 447 4171 Telum
462 4103 578 4200 ingens
596 4104 711 4196 avide,
733 4119 768 4175 et
784 4119 911 4201 quanto
929 4131 997 4177 non
1015 4121 1092 4176 ante
1111 4106 1230 4179 lacerto
