2934 4950
330 439 377 496 xiv
635 440 686 496 DE
706 440 736 495 P.
754 439 909 496 ΡΔΡῙΝΙΟ
929 438 1062 494 δΤΔΤΙΟ

440 554 563 610 lioedita
569 553 667 623 Paris,
676 553 729 624 8,3
740 554 807 609 roll.
817 556 947 627 Guyetus
956 553 986 607 in
995 551 1087 609 Statio
1099 553 1188 628 magis
1196 553 1375 630 etiamqm
1463 528 1466 580 ἷ

439 646 470 701 ὶιι
489 645 551 702 aliis
564 646 740 702 temerarius.
755 645 910 720 Peyraredi
927 644 1058 719 quadam
1074 645 1303 704 memoravimus.

333 740 415 806 1664.
438 741 512 796 Cum
525 738 729 797 commentario
748 741 890 798 emaus
901 739 1048 810 Barnun,
1060 748 1128 811 post
1145 738 1259 794 obitum
1276 739 1338 812 ejus
1358 760 1376 798 a
1463 740 1466 769 ¹

442 834 566 888 Daumio
588 831 679 904 edita,
697 833 829 907 Cygneee,
845 839 876 902 t,
893 839 913 899 ,4
933 833 1000 886 roll.
1021 832 1195 887 immortalia
1212 833 1319 888 Barthii
1337 834 1376 889 de
1464 832 1466 863 l

441 925 530 982 Statio
551 925 664 994 merita,
687 934 715 981 et
734 925 772 981 ob
793 923 968 998 optimorum
986 923 1120 979 codicum
1140 943 1224 980 usum
1243 922 1378 1002 (quossi

1463 926 1466 959 Ι

442 1017 601 1074 accuratius
618 1017 729 1092 ubique
743 1015 932 1088 distinxisset,
950 1015 1021 1071 nihil
1034 1017 1093 1072 sere
1112 1027 1272 1091 superesset
1292 1019 1378 1092 quod
1463 1022 1466 1041 ¹

442 1109 580 1189 optares),
599 1121 629 1166 et
648 1111 687 1166 ob
704 1110 865 1169 doctrinam
879 1109 1030 1166 maximam
1048 1109 1080 1164 in
1101 1110 1272 1183 explicando
1290 1111 1377 1166 exhi-
1464 1120 1465 1149 ³

441 1205 539 1260 bitam.
549 1203 616 1260 Haec
629 1204 669 1258 ita
683 1203 841 1280 intelligere
853 1203 927 1273 noli,
941 1221 974 1257 ac
987 1202 1011 1258 si
1023 1201 1131 1258 Barthii
1144 1202 1287 1275 judicium
1299 1221 1376 1277 pro-
1464 1212 1465 1219 ’

438 1298 571 1353 baremus
584 1296 753 1372 ubicunque
767 1317 774 1352 :
789 1311 877 1358 πολλοῦ
891 1304 934 1357 καὶ
951 1299 1000 1356 δεῖ.
1021 1297 1079 1352 Sed
1096 1297 1257 1370 Papinianis
1273 1297 1377 1353 studiis
1464 1308 1465 1327 ¹

440 1388 471 1444 in
486 1406 571 1444 omne
585 1399 697 1463 tempus
712 1389 928 1446 fundamentum
948 1386 1148 1443 solidissimum
1163 1389 1377 1462 perseverantia
1464 1396 1466 1404 ¹

440 1501 491 1538 sua
500 1480 666 1538 substruxit.
680 1481 781 1537 Insane
793 1499 864 1538 vero
877 1480 936 1555 egit
946 1480 1098 1549 Daumius,
1110 1481 1193 1555 quod
1207 1482 1373 1538 Gronovia-
1464 1494 1465 1499 ’

441 1593 510 1630 num
525 1584 634 1629 textum
652 1571 792 1646 adjicere,
811 1589 897 1649 quarn
910 1572 1194 1648 Lindenbrogianmn
1215 1575 1376 1630 Barthianis

440 1666 531 1740 copiis
550 1676 579 1723 et
597 1664 663 1722 crisi
677 1666 828 1722 emendare
845 1665 953 1723 maluit.
968 1667 1008 1722 Ut
1023 1684 1132 1721 summa
1149 1666 1212 1738 ejus
1230 1667 1377 1724 temerita-

438 1760 474 1816 tis
487 1758 668 1815 incommoda
681 1776 810 1834 premam
828 1758 957 1828 silentio,
967 1758 1000 1816 id
1018 1769 1095 1814 certe
1112 1758 1279 1831 dicendum,
1293 1762 1375 1818 Dau·
1464 1838 1465 1843 ἵ

437 1851 487 1906 mii
500 1850 632 1906 meritum
650 1870 722 1921 esse,
737 1850 821 1925 qnod
832 1849 944 1924 aliquot
961 1849 1049 1908 millia
1062 1851 1292 1907 emendationum
1307 1872 1374 1909 cer-

439 1942 608 2000 tissimarum
622 1942 658 1998 ad
672 1943 752 1998 hunc
760 1942 837 2003 dien
851 1942 882 1996 in
896 1943 1106 1999 commentariis
1118 1946 1230 2017 sepulta
1242 1932 1374 2018 jaceant,

439 2055 533 2110 neque
547 2035 576 2090 in
591 2035 676 2091 ullius
694 2035 830 2091 editionis
842 2044 924 2095 textu
940 2047 1189 2110 repraesententur.

332 2129 415 2201 1783.
436 2129 606 2202 Br'psontr'rra,
623 2127 650 2185 8.

333 2222 415 2279 ι8ι5.
436 2222 539 2277 Anser
550 2231 579 2276 et
592 2222 745 2293 Lenem,
754 2219 884 2292 Parisiis,
899 2222 933 2292 8,
948 2229 965 2288 4
979 2223 1047 2276 roll.
1062 2219 1153 2276 Silvas
1162 2241 1198 2277 ex
1210 2241 1267 2278 ree.
1278 2226 1374 2280 Mark-

439 2313 658 2400 landi,”reliqua
680 2333 715 2370 ex
732 2332 789 2370 rec.
804 2315 957 2386 Gronovii,
970 2314 1017 2370 hie
1037 2314 1095 2370 illic
1117 2317 1288 2393 recognitis,
1307 2337 1372 2376 cum

438 2405 513 2461 notis
521 2404 637 2483 integris
650 2405 813 2462 Marklandi
820 2407 857 2462 ad
865 2407 955 2463 Silvas
963 2447 973 2475 ,
982 2406 1161 2482 reliquorum
1174 2409 1291 2464 selectis.

333 2498 415 2556 1833.
437 2500 541 2554 Geren.
556 2500 628 2554 Ean.
642 2502 786 2571 Warnur,
801 2499 832 2555 in
851 2499 975 2573 Corpore
989 2512 1143 2576 poetamm
1165 2504 1234 2569 lat,
1255 2503 1314 2557 rol.
1332 2522 1373 2571 ιι,

438 2591 568 2649 Francos.
586 2591 646 2662 Qui
666 2592 753 2649 etiam
772 2593 835 2664 hie,
848 2603 882 2648 ut
903 2592 934 2648 iu
952 2603 1015 2649 toto
1030 2593 1122 2665 libro,
1140 2591 1226 2667 plura
1242 2595 1376 2668 prestitit

441 2702 526 2757 mam
539 2684 716 2759 promiserat.
731 2684 790 2742 Sed
799 2688 969 2743 Broennerus
982 2686 1116 2742 librarius
1129 2688 1310 2744 vehementer
1322 2708 1374 2745 ae·

440 2777 581 2833 cusandus
604 2769 659 2849 eit,
680 2778 738 2858 lupe
752 2768 827 2852 opus
842 2778 1118 2856 typogiaphicorum
1135 2779 1271 2837 vitiorum
1288 2782 1375 2854 copia

441 2888 521 2943 paene
534 2870 662 2929 inaudita
674 2870 857 2945 inquinatum
866 2872 945 2928 exire
956 2890 1063 2946 passm

369 3048 404 3105 11.
420 3048 583 3103 Stnvaauu.
599 3048 737 3121 Pn'nceps
749 3048 794 3103 ed.
809 3067 831 3103 s.
845 3048 863 3102 l.
878 3058 907 3104 et
920 3065 945 3103 a.
960 3044 1048 3125 (circa
1060 3066 1087 3103 a.
1105 3047 1204 3126 1472),
1219 3057 1246 3118 4.
1262 3051 1375 3108 Deinde

332 3148 421 3211 1472,
442 3140 597 3194 Venetiam
615 3140 772 3214 Spirensis,
792 3140 830 3196 ad
851 3143 957 3196 calcem
973 3140 1090 3211 Catulli,
1111 3149 1145 3213 t,
1164 3145 1368 3217 scq-aPar-m.

440 3232 526 3303 1473,
541 3232 609 3289 item
622 3252 687 3288 cum
700 3233 813 3290 Catullo
827 3254 835 3290 ι
850 3244 879 3289 et
891 3233 1001 3307 saepius

331 3320 414 3395 1475.
436 3324 576 3379 Romana.
591 3326 663 3381 Cum
676 3337 829 3382 comment.
838 3325 959 3382 Domitii
968 3328 1121 3383 Calderini.
1138 3329 1180 3384 Cf.
1198 3330 1235 3385 ad
1244 3348 1270 3388 a.
1284 3332 1372 3398 1480.

331 3414 415 3490 1599.
437 3414 481 3470 Io.
504 3417 649 3472 Bemanii
669 3419 896 3476 commentarius
923 3423 1023 3490 Anto,
1047 3420 1074 3477 8.

331 3510 414 3568 1601.
439 3519 469 3564 et
479 3509 562 3565 1602.
572 3512 641 3565 Fed.
656 3510 774 3566 Metelli
783 3513 1212 3585 observationes.Pa1is.‚8ett.

331 3604 414 3673 1637.
436 3600 545 3657 Prodiit
563 3602 795 3671 excellentissima
808 3606 861 3661 Fu.
883 3607 1036 3662 Gronovn
1057 3608 1184 3663 Diouibc
1211 3610 1240 3663 io
1265 3611 1301 3664 St.
1330 3611 1371 3664 lt-

438 3693 500 3749 bms
514 3694 547 3760 V,
563 3696 635 3771 flag.
649 3714 739 3767 corn,
754 3698 781 3755 8.
796 3697 868 3755 Inde
880 3697 943 3756 lites
956 3701 1164 3758 cumEmerico
1179 3704 1305 3773 Cruceo‚
1320 3704 1373 3777 qui

439 3786 530 3845 edidit
542 3789 752 3846 Aotc'dt'atribeo
760 3830 771 3859 ,
784 3791 889 3863 Paris,
907 3793 991 3865 1637.
1014 3794 1068 3850 Cui
1085 3794 1234 3869 respondit
1252 3797 1373 3852 Grono-

438 3878 502 3937 vius
511 3880 638 3938 Bleocho
653 3885 871 3953 Autumno,
890 3886 981 3958 1640,
993 3886 1204 3944 Parisiisedito.
1219 3890 1286 3959 Quo
1295 3889 1372 3945 libro

439 3992 468 4029 se
480 3975 565 4047 plane
578 3978 661 4052 argui
681 3997 743 4035 non
759 3979 895 4053 sentiens,
908 3980 1074 4037 rusticitatis
1090 3992 1119 4038 et
1136 3992 1249 4062 ἀιφισίας
1260 4002 1370 4039 monu-

438 4076 565 4156 mentum
573 4070 690 4145 reliquit
704 4072 829 4129 Crucem
843 4092 851 4128 t
869 4074 1062 4142 Muscarium,
1078 4076 1155 4147 Pan,
1170 4074 1272 4132 eodem
1283 4093 1370 4132 anno.
