2934 4950
87 460 173 523 (ιιι.)
406 449 600 522 sutanum
620 468 730 526 aman
751 470 784 527 v.

85 584 234 654 infestare
248 583 330 655 libet
348 588 480 677 Manes,
497 594 684 688 meritoque
699 612 838 691 precatu

82 708 193 776 Pacem
211 706 345 777 auferre
363 710 452 804 rogis
474 736 482 779 :
504 711 561 780 sed
580 726 627 799 te,
646 738 730 810 puer
746 718 891 813 optime,
910 742 1010 793 cerno

81 825 276 897 Flectentem
288 829 403 924 justis,
423 842 456 898 et
474 830 552 902 talia
568 834 657 905 dicta
673 852 847 932 parantem
866 868 875 911 ε

125 952 266 1036 «Parce,
286 974 422 1045 precor,
440 952 680 1025 cinerizfatum
697 953 795 1059 illud,
814 977 848 1031 et
865 964 916 1034 ira
934 982 1116 1039 nocentum

81 1072 265 1160 Parcarum,
283 1071 475 1165 crimenque
490 1075 555 1143 Dei
573 1076 727 1148 mortalia
744 1084 896 1178 quisquis

80 1192 209 1261 Pectora
224 1217 300 1261 sero
323 1192 426 1280 videt,
444 1218 506 1265 nec
523 1196 634 1290 primo
651 1199 686 1266 in
705 1198 820 1274 limine
837 1206 925 1275 sistit

80 1314 220 1382 Conatus
237 1312 415 1400 scelerum,
432 1326 533 1408 atque
549 1318 680 1387 animos
696 1316 831 1395 infanda
849 1343 1015 1421 parantes.

79 1434 207 1503 Excidat
222 1432 281 1502 itta
297 1432 369 1503 dies
384 1458 470 1523 cern,
489 1457 551 1507 nec
569 1438 863 1533 pesteracredant

79 1550 207 1624 Secula!
226 1580 288 1623 nos
305 1569 396 1623 certe
412 1569 597 1646 taceamus3
614 1574 649 1628 et
664 1554 789 1650 obruta
805 1564 912 1637 multa

79 1676 173 1745 Nocte
190 1677 258 1770 tegi
275 1676 421 1771 propriae
436 1678 606 1771 patiamur
622 1682 766 1753 crimina
784 1683 902 1781 gentis.

72 1797 183 1893 Exegit
199 1820 330 1891 poenas,
349 1798 525 1867 hominum
542 1801 598 1869 cui
616 1821 699 1871 cure
714 1827 870 1895 suorum,

77 1920 143 2008 Quo
158 1920 269 1989 Pietas
286 1933 425 1988 auctore
442 1919 546 2010 redit,
562 1935 734 2017 terrasque
751 1930 882 2020 revisit,

76 2040 173 2127 Quem
184 2042 280 2110 timet
292 2064 392 2109 omne
404 2040 494 2110 nefas
506 2066 515 2110 τ
527 2044 608 2112 setis
620 2044 706 2131 hec,
719 2044 1002 2148 lacrymandaque
1016 2057 1113 2129 nobis

75 2160 153 2230 Ultio
171 2189 179 2231 :
197 2162 282 2256 quin
301 2173 402 2230 saevas
421 2163 549 2232 utinam
566 2184 704 2234 exorare
720 2163 838 2239 liceret

74 2283 279 2369 Eumenidas,
295 2282 488 2376 timideque
505 2299 656 2353 avertere
671 2288 844 2359 Cerberon
863 2293 1002 2385 umbrae,

73 2404 361 2498 Inmemoremque
379 2404 444 2471 tuis
461 2403 559 2474 citius
577 2403 659 2475 dare
674 2405 834 2480 Manibus
852 2411 1027 2484 amnemle

108 2531 216 2597 Macte
231 2527 362 2612 anima,
376 2521 525 2620 juvenis!
544 2526 760 2597 cinerescunt
777 2532 917 2601 crimina
935 2539 1062 2610 matris.

72 2647 129 2717 Nec
143 2664 277 2718 mutum
292 2650 415 2742 pietas,
432 2647 491 2718 sed
508 2662 669 2744 protenus
686 2649 797 2720 ardna
809 2652 915 2723 virtus

70 2771 218 2842 Affoetata
234 2771 297 2840 tibi
314 2795 451 2866 :nuper
467 2795 573 2865 quum
590 2770 677 2840 forte
694 2770 817 2842 sodalis
919 2767 927 2781 ⁹

70 2892 232 2962 lmmmitae
248 2889 333 2961 falso
349 2889 489 2986 palleret
505 2893 647 2962 crimine
664 2893 776 2982 samaa,

68 3013 271 3108 higeretqne
285 3012 411 3100 forum,
429 3015 665 3108 succinctaque
677 3014 792 3109 judice
808 3015 915 3087 multo

69 3121 212 3232 Surgeret
228 3150 263 3204 et
279 3149 407 3204 castum
425 3131 564 3204 libraret
580 3133 669 3206 Julia
684 3135 827 3227 fialmen3

67 3259 123 3348 Tu,
139 3282 331 3355 quanquam
347 3282 416 3326 non
434 3272 513 3326 ente
529 3257 642 3327 forum
658 3256 814 3354 legesque
830 3282 960 3332 severas

66 3379 184 3468 Passus,
203 3378 262 3449 sed
279 3379 381 3448 tacita
398 3377 587 3448 studiorum
604 3373 757 3449 occultus
774 3381 809 3450 in
827 3383 961 3472 umbra,

64 3501 228 3572 Defensare
245 3511 368 3589 metus,
385 3499 591 3594 adversaque
607 3499 672 3571 tela
688 3503 804 3571 subisti

64 3621 187 3711 Pellere,
205 3624 343 3694 inermis
361 3621 472 3691 adhuc
489 3633 523 3690 et
540 3621 621 3708 tiro,
639 3621 789 3716 paventis
807 3625 917 3693 amici.

63 3743 143 3816 Haud
159 3771 308 3841 unquam
326 3743 408 3814 tales
426 3743 579 3838 adspexit
596 3742 761 3813 Romulus
780 3767 886 3815 annos

63 3864 271 3964 Dardaniique
288 3879 399 3954 senes,
415 3865 518 3935 medii
535 3861 661 3934 bellare
679 3880 793 3959 togata
906 3895 913 3910 ·

62 3983 127 4059 Pace
141 3990 204 4060 sori
222 4017 231 4060 :
250 3999 411 4083 stupuere
427 4002 538 4084 patres
555 3988 740 4056 tentamina
761 4001 853 4056 tanta

62 4107 255 4207 senatusque
272 4123 364 4198 tuot3
382 4135 446 4203 pro
463 4123 497 4180 te
514 4129 592 4178 reus
610 4108 680 4202 ipse
697 4108 846 4178 timebat

890 4257 941 4302 10.
