2934 4950
296 377 337 431 IN
354 376 383 431 P.
407 375 438 430 P.
460 374 589 432 stetu
607 373 701 430 sttv.
724 375 794 430 ΗΒ.
817 377 851 430 V.
1037 381 1091 452 287

95 494 200 550 satuti...
215 495 341 567 sepulcri
345 491 383 570 (v.
396 491 454 571 51).
464 493 554 564 Quod
568 495 670 550 AEneas
687 494 817 550 Anchisa
829 494 859 552 iu
873 495 968 554 Sicilia
982 500 1093 556 struxit

63 588 156 643 lictum
169 605 206 642 ex
222 587 353 662 Virgilio.

95 682 241 737 Gmtbntm
252 683 301 736 urs
310 683 371 736 ullo
385 680 479 736 virum
498 676 537 756 (v.
554 674 611 755 54).
629 680 693 736 Hoc
706 699 767 736 uon
783 681 866 738 nimis
885 682 959 740 bene
978 683 1095 742 dictum

62 775 164 832 Atride
178 773 251 849 quid
274 775 377 830 offerat
396 773 462 829 cod.
479 771 601 848 Rhedig.
621 783 649 829 et
661 791 751 850 marg.
767 774 853 830 Paris.
869 795 876 830 ε
891 777 936 832 vis
948 777 1027 834 uudu
1045 781 1094 834 vi-

61 887 125 936 um,
140 867 266 944 egregie.
279 867 400 924 Accedit
412 866 457 924 ed
472 868 545 922 Ven.
562 867 628 923 :vit
641 868 708 922 uda.

91 961 278 1035 Pusciperem
299 962 419 1016 reditum
440 956 479 1037 (v.
496 957 555 1036 59).
576 983 588 1006 ι
602 961 626 1016 1.
648 978 672 1015 e.
688 972 900 1032 monstrarem,
923 975 1024 1038 utpote
1045 985 1095 1022 sa-

61 1055 145 1110 certos
168 1064 198 1110 et
219 1063 326 1128 potent
346 1053 525 1110 umbrarum.
541 1053 671 1109 Verbum
691 1055 851 1127 praectpere
872 1057 1048 1132 magistrale,
1067 1069 1095 1114 et

61 1144 247 1202 annositatem
254 1146 401 1203 denotat.»
411 1147 532 1202 Manum
542 1145 623 1203 ldem
635 1147 734 1220 paullo
742 1158 809 1220 post
815 1167 870 1221 pro
877 1160 954 1206 torvo
960 1151 1093 1218 Maroni,

61 1240 131 1312 quod
137 1259 192 1296 nec
206 1238 360 1317 ipsevideo
375 1237 526 1314 quomode
539 1239 629 1313 possit
647 1239 743 1295 locum
758 1240 880 1312 hebere,
894 1242 946 1298 etei
961 1243 1036 1298 bella
1048 1263 1095 1300 oe·

62 1331 119 1387 cinit
135 1333 289 1408 Virgilius,
308 1332 384 1404 conj.
399 1333 484 1386 docto
496 1332 538 1386 Μ.

90 1429 123 1480 In
137 1427 299 1496 ardentem,
312 1421 359 1504 (si)
373 1425 470 1492 ἱεῖσαι,
494 1424 630 1479 mon'tetm
647 1425 781 1480 mantum
794 1422 831 1502 (v.
847 1423 905 1503 68).
923 1428 968 1482 «Ι.
984 1446 1009 1482 e.
1026 1446 1092 1484 mo-

60 1518 123 1574 riens
137 1537 167 1574 se
179 1519 308 1592 jactura,
323 1517 492 1592 impositura
502 1517 535 1573 in
547 1518 697 1588 maritum,
709 1519 756 1572 vel
773 1518 912 1575 moritura
929 1538 1014 1594 super
1030 1539 1094 1576 ma-

61 1612 142 1670 ritum.
165 1613 246 1668 Nihil
267 1611 357 1686 magis
378 1610 547 1668 statianum.
564 1633 577 1661 n
596 1612 708 1681 Gnosi„
723 1629 754 1684 p.
774 1610 845 1682 336,
869 1631 955 1686 quera
976 1633 1002 1668 v.
1030 1615 1093 1670 coll.

62 1706 152 1760 ttarkt.
1002 1755 1006 1764 .

90 1800 145 1854 Sed
156 1819 209 1854 nec
226 1801 311 1854 modo
327 1817 358 1852 sc
370 1796 408 1874 (v.
425 1817 458 1868 71
478 1795 564 1874 equ).
581 1795 697 1870 Optime
711 1797 814 1852 hunum
827 1817 963 1856 versuum
978 1815 1094 1860 senten-

61 1891 118 1946 tiam
138 1893 267 1966 expediit
289 1894 396 1962 Gron,
418 1909 448 1966 p.
466 1892 521 1962 337
539 1907 598 1965 sq„
619 1890 702 1963 eujus
722 1890 941 1964 explicationem
960 1903 1095 1970 tanquam

61 2003 129 2040 marn
149 1985 190 2042 ita
210 1984 339 2042 reddidit
355 1984 458 2041 Markl.
480 2003 487 2040 :
510 1983 590 2040 «Sed
603 1983 721 2056 objiciat
736 1984 839 2058 uliquis
854 2003 861 2038 ι
878 2005 967 2059 quare
987 1998 1020 2044 tu
1038 2000 1096 2046 tam

61 2077 211 2135 mmauiter
222 2078 320 2151 doles,
339 2077 575 2154 quandoquidem
593 2095 690 2152 neque
703 2089 805 2132 natura
821 2097 917 2153 neque
933 2081 1030 2154 pietas
1048 2083 1096 2138 in-

61 2172 124 2242 juste
144 2173 174 2228 in
195 2173 250 2232 hac
271 2191 304 2228 re
326 2172 415 2228 fecit:
433 2184 535 2228 nouem
544 2211 554 2238 ‚
575 2170 644 2245 quia
660 2170 796 2226 naturalis
817 2170 890 2227 ordo
911 2183 999 2228 estut
1016 2186 1097 2248 pater

62 2266 192 2336 precedat
211 2263 318 2336 lilium3
332 2267 447 2341 pti-tus,
470 2264 539 2340 quia
558 2274 593 2319 tu
608 2262 657 2338 pie
676 2265 757 2339 luges
774 2263 865 2338 patris
884 2264 1010 2337 obitum
1027 2279 1057 2322 at
1073 2267 1097 2323 si

63 2356 185 2428 injustam
198 2359 257 2414 haec
270 2377 301 2414 se
312 2358 447 2429 dedisset,
461 2357 508 2413 ille
524 2367 624 2414 contra
640 2367 722 2412 tuum
738 2355 851 2411 obitum
864 2357 911 2429 pie
924 2357 1058 2414 luxisset:
1069 2369 1097 2414 et

61 2449 111 2507 hec
129 2451 247 2527 quidem
260 2451 358 2508 fuuset
371 2453 467 2528 pietas
481 2448 595 2523 injusta.
609 2450 775 2524 Respondet
788 2448 893 2506 Statius
910 2469 916 2505 :
935 2448 1010 2507 Vera
1028 2450 1096 2526 qui-

63 2544 119 2599 dem
132 2545 219 2617 dicis3
240 2544 292 2601 sed
305 2563 360 2621 ego
380 2554 490 2619 patrem
505 2542 645 2617 optimum
659 2542 698 2599 ita
713 2541 819 2612 amavi,
835 2553 868 2598 ut
888 2542 957 2597 mihi
974 2563 1095 2617 praema-

62 2646 118 2693 turo
132 2637 214 2695 obitu
222 2648 322 2713 raptus
329 2637 477 2707 videntum
490 2655 542 2692 nec
556 2635 680 2692 absurde
691 2636 749 2690 hoc
762 2634 849 2706 facio,
863 2645 913 2691 aut
925 2636 985 2691 siue
998 2656 1096 2693 exem-

62 2731 104 2801 plo
117 2753 123 2786 :
137 2731 247 2806 quippe
260 2743 289 2786 et
301 2731 426 2805 Erigone
441 2748 501 2786 nou
517 2730 611 2785 minus
624 2726 712 2785 flebat
724 2746 820 2782 senem
824 2742 975 2803 parentem
990 2730 1096 2787 exstin-

63 2834 144 2895 ctum,
165 2843 255 2899 quam
276 2823 476 2879 Andromache
493 2842 618 2898 puerum
636 2822 737 2895 filium
765 2842 775 2875 .·
796 2820 883 2877 immo
906 2833 934 2878 et
959 2824 1097 2900 Erigones

62 2916 141 2987 pietus
162 2919 193 2973 iu
215 2918 272 2972 hoc
292 2916 434 2987 laudatur,
448 2900 530 2991 quod
543 2934 602 2989 prae
618 2914 726 2971 doloris
749 2914 923 2989 impatientia
938 2918 1045 2990 laqueo
1067 2935 1097 2971 se

63 3007 208 3081 interiecit,
221 3029 313 3087 quum
324 3020 423 3067 contra
435 3007 635 3066 Andromache
647 3010 721 3064 male
736 3007 847 3079 auditt,
863 3009 944 3082 quod
956 3018 1023 3082 post
1033 3008 1094 3065 He-

64 3115 162 3163 ctorem
181 3106 268 3162 alium
292 3104 426 3160 maritum
447 3105 523 3161 serre
539 3101 685 3179 potuerit,
703 3119 757 3159 nec
779 3104 871 3158 solum
890 3101 976 3173 serre,
995 3100 1046 3158 sed
1069 3114 1096 3159 et

63 3197 196 3258 inservire
207 3224 224 3251 n
239 3197 312 3254 Inde
325 3216 381 3271 pro
394 3198 531 3253 Fatorum
542 3194 658 3270 reponit
671 3198 832 3263 Annorum,
853 3194 1006 3270 plaudente
1022 3196 1095 3251 We·

63 3288 113 3346 kei.
131 3292 167 3349 ad
179 3295 311 3363 Lueret,
328 3309 380 3361 111,
395 3290 462 3348 681.
864 3360 865 3367 ἵ
1091 3292 1095 3299 ’

98 3386 139 3439 Et
162 3388 266 3442 Pallas
296 3382 338 3463 (ν.
360 3382 419 3461 91).
438 3385 506 3440 Non
528 3380 589 3438 sine
615 3380 676 3437 veri
701 3382 795 3457 specie
822 3380 945 3437 Phoe'bus
970 3379 1097 3454 reposuit

63 3472 171 3551 ttartt„
184 3498 213 3554 q.
227 3496 253 3534 v.
907 3506 911 3515 ·

100 3574 261 3628 Arcadis...
276 3570 449 3630 testudine...
470 3572 529 3645 lyve
543 3566 583 3646 (v.
598 3566 657 3649 93).
672 3568 824 3625 Verissime
839 3566 938 3625 docuit
954 3566 1098 3635 Gronov.,

64 3683 90 3738 p.
103 3663 158 3733 345
171 3686 229 3743 sq„
243 3664 410 3721 testudinem
424 3663 472 3720 hic
485 3662 654 3736 capiendam
671 3680 730 3719 esse
744 3680 799 3737 pro
812 3672 893 3736 parte
906 3662 987 3735 lyra,
1007 3674 1097 3732 quum

64 3757 119 3815 aliis
134 3758 285 3833 exemplis,
298 3766 360 3813 tum
375 3754 503 3813 Tibulli:

164 3951 228 4001 Artis
237 3966 298 4017 optu
308 3964 383 4008 rare,
397 3947 488 4013 litigem
500 3946 619 3998 testudine
632 3956 657 3997 et
670 3962 742 4008 auro,

199 4034 319 4084 tendebat
328 4034 388 4083 tera
400 4033 493 4098 garrula
503 4040 573 4100 perte
582 4033 642 4098 lyra.
