2934 4950
337 467 375 527 at
699 464 730 517 Ρ.
753 462 878 517 PUBLII
898 461 1021 517 STsTn
1296 471 1331 524 (v.
1344 469 1399 522 so.)

336 584 428 673 Quid
448 586 596 680 geminos
616 586 733 674 fasces,
753 611 945 681 magnaeque
963 588 1081 654 iterata
1101 580 1270 652 revolvam

335 708 417 775 Jura
436 705 539 775 Asiae?
558 704 638 775 velit
658 705 714 775 illa
732 706 867 799 quidem
887 720 937 774 ter
956 705 1094 791 habere,
1114 717 1297 798 quaterque

337 827 435 894 Hunc
454 827 532 913 sibi3
552 826 609 895 sed
627 841 785 895 revocant
803 826 878 894 fasti
895 825 1069 919 majorque
1087 823 1227 911 eurulis,

336 944 408 1013 Nec
426 948 587 1039 promissa
605 945 715 1015 semel.
739 946 855 1041 Libyci
873 944 953 1041 quid
973 945 1058 1013 mira
1077 944 1193 1013 tributi

338 1063 521 1158 Obsequia,
540 1079 572 1134 et
591 1067 727 1135 missum
747 1064 857 1135 media
875 1065 917 1134 de
936 1090 1017 1160 pace
1036 1065 1244 1158 triumphum

338 1183 502 1272 Laudem,
522 1198 555 1254 et
575 1210 654 1280 opes
674 1201 816 1281 quantas
834 1211 894 1254 nec
912 1186 971 1280 qui
991 1184 1207 1253 mandaverat
1225 1207 1330 1252 ausus

338 1305 537 1398 Exspectare
556 1305 644 1375 fuit?
663 1306 798 1376 Gaudet
815 1306 1026 1374 Trasimenus
1044 1317 1077 1372 et
1095 1301 1197 1398 Alpes

338 1425 597 1520 Cannensesque
617 1428 736 1496 animae
756 1452 764 1495 :
787 1428 979 1520 primusque
999 1425 1129 1518 insigne
1148 1423 1312 1494 tributum

250 1581 253 1588 ι
272 1537 279 1549 ’
318 1544 414 1637 'Ipse
433 1541 543 1638 palam
562 1545 670 1616 lacera
687 1545 845 1641 poscebat
862 1543 1008 1642 Regulus
1025 1544 1156 1614 umbra.

387 1667 490 1736 «Non
509 1681 605 1737 vacat
625 1671 764 1738 Arctoas
785 1669 884 1755 acies,
904 1667 1126 1760 Rhenumque
1145 1664 1327 1754 rebellem,

338 1782 552 1882 Captivaeque
571 1812 685 1882 preces
702 1785 855 1873 Veledae,
873 1801 907 1855 et
923 1785 1017 1884 (quae
1036 1785 1181 1854 maxima
1199 1808 1310 1881 nuper

338 1901 473 2000 Gloria)
493 1907 677 2003 depositam
695 1910 795 1977 Dacis
814 1907 1028 2002 pereuntibus
1048 1930 1160 1974 arcem

339 2023 507 2113 Pandere;
528 2053 632 2121 quum
650 2029 734 2096 tanti
757 2024 860 2098 lectus
880 2027 1017 2097 rectoris
1035 2026 1195 2113 habenas,

339 2144 481 2233 Gallice,
499 2150 648 2217 Fortuna
668 2173 738 2216 non
757 2145 957 2234 admirante,
979 2146 1103 2216 subisti.

341 2267 439 2334 Hunc
459 2267 562 2361 igitur
582 2267 627 2364 (si
646 2268 748 2363 digna
767 2266 904 2362 loquor)
923 2268 1091 2361 rapiamus
1110 2269 1226 2361 iniquo

338 2383 442 2472 Nate,
462 2388 546 2456 Iovi.
567 2391 678 2484 Rogat
696 2387 762 2457 hoc
781 2390 884 2457 Latiae
902 2402 997 2483 pater
1014 2385 1157 2482 inclytus
1177 2388 1267 2456 urbis
1289 2415 1298 2455 ε

340 2508 383 2574 Et
402 2508 545 2593 meruit3
565 2533 674 2602 neque
693 2511 783 2578 enim
802 2510 925 2579 frustra
941 2510 1023 2579 mihi
1041 2533 1148 2603 nuper
1165 2509 1296 2578 honora

341 2625 501 2696 Carmina
520 2629 656 2720 patritio
676 2630 772 2724 pueri
793 2630 948 2699 sonuistis
967 2631 1003 2698 in
1022 2644 1112 2699 ostro
1133 2655 1141 2698 :

341 2746 377 2813 Si
396 2771 463 2840 qua
480 2746 652 2818 salutifero
671 2750 795 2843 gemini
814 2750 969 2820 Chironis
987 2750 1022 2817 in
1042 2763 1140 2818 antro

341 2866 472 2955 Herba,
491 2865 585 2936 tholo
603 2868 826 2961 quodcunque
846 2867 907 2935 tibi
926 2868 1069 2960 Trojana
1090 2869 1240 2937 recondit

340 2986 537 3082 Pergamus,
557 3002 614 3057 aut
634 2986 770 3056 medicis
791 2982 868 3054 felix
888 2984 1075 3080 Epidaurus
1092 2989 1201 3056 arenis

340 3105 488 3201 Educet,
508 3107 595 3175 Idaea
615 3107 742 3201 profert
762 3128 863 3200 quam
882 3108 983 3175 Creta
1000 3106 1061 3175 sub
1081 3107 1199 3176 umbra

341 3226 511 3295 Dictamni
529 3224 676 3295 florentis
695 3251 817 3323 opem,
836 3251 969 3321 quoque
988 3230 1105 3323 anguis
1124 3228 1272 3297 abundat

342 3348 514 3440 Spumatu.
532 3351 677 3442 Jungam
695 3349 766 3442 ipse
785 3372 918 3433 manus,
938 3361 1036 3442 atque
1055 3374 1155 3417 omne
1173 3348 1364 3442 benignum

343 3468 459 3557 Virus,
478 3466 651 3537 odoriferis
669 3469 820 3537 Arabum
839 3466 929 3564 quod
948 3466 1064 3537 doctus
1083 3470 1118 3536 in
1137 3468 1238 3554 arvis,

344 3590 414 3658 Aut
435 3572 674 3683 Amphiysiaco
694 3601 808 3683 pastor
826 3587 868 3658 de
886 3590 1036 3684 gramine
1056 3589 1174 3681 carpsi.
1188 3616 1205 3651 s

391 3709 530 3779 Dixerat
549 3732 558 3776 ι
579 3708 755 3777 inveniunt
773 3709 897 3803 positos
912 3710 983 3803 jam
1001 3710 1145 3805 segniter
1164 3721 1274 3795 artus,

344 3832 618 3924 Pugnantemque
638 3830 807 3916 unimam3
826 3829 893 3898 ritu
912 3855 947 3898 se
966 3830 1068 3924 cingit
1088 3843 1227 3922 uterque

345 3949 492 4037 Paeonio,
510 3963 763 4044 monstrantque
779 3946 891 4036 simul,
911 3963 1095 4043 parentque
1112 3948 1282 4035 volentes;

346 4070 461 4138 Donec
480 4066 622 4139 letiferas
642 4059 736 4141 vario
755 4069 972 4139 medicamine
992 4083 1113 4165 pestes,
