<?xml version="1.0" encoding="UTF-8"?>
<!DOCTYPE html PUBLIC "-//W3C//DTD XHTML 1.0 Transitional//EN"
    "http://www.w3.org/TR/xhtml1/DTD/xhtml1-transitional.dtd">
<html xmlns="http://www.w3.org/1999/xhtml" xml:lang="en" lang="en">
 <head>
  <title>
</title>
<meta http-equiv="Content-Type" content="text/html;charset=utf-8" />
  <meta name='ocr-system' content='tesseract 3.04.00' />
  <meta name='ocr-capabilities' content='ocr_page ocr_carea ocr_par ocr_line ocrx_word'/>
</head>
<body>
  <div class='ocr_page' id='page_1' title='image "./operaquaeextant01dbgoog_0592.png"; bbox 0 0 2934 4950; ppageno 0'>
   <div class='ocr_carea' id='block_1_1' title="bbox 61 367 1117 4135">
    <p class='ocr_par' dir='ltr' id='par_1_1' title="bbox 61 367 1114 439">
     <span class='ocr_line' id='line_1_1' title="bbox 61 367 1114 439; baseline -0.01 -5"><span class='ocrx_word' id='word_1_1' title='bbox 61 375 96 434; x_wconf 76' lang='lat' dir='ltr'><strong>(v.</strong></span> <span class='ocrx_word' id='word_1_2' title='bbox 113 375 183 439; x_wconf 68' lang='lat'><strong>¹7¹)</strong></span> <span class='ocrx_word' id='word_1_3' title='bbox 368 371 618 430; x_wconf 66' lang='lat' dir='ltr'><strong>defimamus</strong></span> <span class='ocrx_word' id='word_1_4' title='bbox 629 371 749 428; x_wconf 83' lang='lat' dir='ltr'>LIBER</span> <span class='ocrx_word' id='word_1_5' title='bbox 772 373 795 427; x_wconf 92' lang='grc' dir='ltr'><strong>Ι.</strong></span> <span class='ocrx_word' id='word_1_6' title='bbox 1057 367 1114 424; x_wconf 77' lang='lat'><strong>265</strong></span> 
     </span>
    </p>

    <p class='ocr_par' dir='ltr' id='par_1_2' title="bbox 61 487 982 594">
     <span class='ocr_line' id='line_1_2' title="bbox 61 487 982 594; baseline 0 -28"><span class='ocrx_word' id='word_1_7' title='bbox 61 498 162 584; x_wconf 80' lang='lat' dir='ltr'><strong>Qtros</strong></span> <span class='ocrx_word' id='word_1_8' title='bbox 181 511 312 584; x_wconf 66' lang='lat' dir='ltr'><strong>umen,</strong></span> <span class='ocrx_word' id='word_1_9' title='bbox 334 511 372 566; x_wconf 90' lang='lat' dir='ltr'><strong>ut</strong></span> <span class='ocrx_word' id='word_1_10' title='bbox 392 497 622 594; x_wconf 80' lang='lat' dir='ltr'><strong>lidogenitrix</strong></span> <span class='ocrx_word' id='word_1_11' title='bbox 638 501 672 568; x_wconf 91' lang='lat' dir='ltr'><strong>in</strong></span> <span class='ocrx_word' id='word_1_12' title='bbox 691 498 895 568; x_wconf 81' lang='lat' dir='ltr'><strong>liminevisa</strong></span> <span class='ocrx_word' id='word_1_13' title='bbox 910 487 982 584; x_wconf 84' lang='lat' dir='ltr'><strong>est,</strong></span> 
     </span>
    </p>

    <p class='ocr_par' dir='ltr' id='par_1_3' title="bbox 62 616 950 714">
     <span class='ocr_line' id='line_1_3' title="bbox 62 616 950 714; baseline -0.001 -26"><span class='ocrx_word' id='word_1_14' title='bbox 62 619 212 711; x_wconf 80' lang='lat' dir='ltr'><strong>Abjicit,</strong></span> <span class='ocrx_word' id='word_1_15' title='bbox 233 633 473 714; x_wconf 80' lang='lat' dir='ltr'><strong>exceptamque</strong></span> <span class='ocrx_word' id='word_1_16' title='bbox 490 621 595 690; x_wconf 86' lang='lat' dir='ltr'><strong>avidis</strong></span> <span class='ocrx_word' id='word_1_17' title='bbox 612 618 824 714; x_wconf 80' lang='lat' dir='ltr'><strong>circumligat</strong></span> <span class='ocrx_word' id='word_1_18' title='bbox 843 616 950 705; x_wconf 90' lang='lat' dir='ltr'><strong>ulnis,</strong></span> 
     </span>
    </p>

    <p class='ocr_par' dir='ltr' id='par_1_4' title="bbox 61 739 1001 959">
     <span class='ocr_line' id='line_1_4' title="bbox 61 739 1001 838; baseline -0.001 -30"><span class='ocrx_word' id='word_1_19' title='bbox 61 743 139 808; x_wconf 86' lang='lat' dir='ltr'><strong>Jam</strong></span> <span class='ocrx_word' id='word_1_20' title='bbox 158 741 268 835; x_wconf 82' lang='lat' dir='ltr'><strong>gravis</strong></span> <span class='ocrx_word' id='word_1_21' title='bbox 281 739 454 838; x_wconf 74' lang='lat' dir='ltr'><strong>amplexu,</strong></span> <span class='ocrx_word' id='word_1_22' title='bbox 466 741 603 837; x_wconf 85' lang='lat' dir='ltr'><strong>jamque</strong></span> <span class='ocrx_word' id='word_1_23' title='bbox 620 767 736 836; x_wconf 75' lang='lat' dir='ltr'><strong>equus</strong></span> <span class='ocrx_word' id='word_1_24' title='bbox 750 741 875 810; x_wconf 87' lang='lat' dir='ltr'><strong>vertice</strong></span> <span class='ocrx_word' id='word_1_25' title='bbox 891 741 1001 808; x_wconf 91' lang='lat' dir='ltr'><strong>matri.</strong></span> 
     </span>
     <span class='ocr_line' id='line_1_5' title="bbox 113 863 960 959; baseline -0.001 -29"><span class='ocrx_word' id='word_1_26' title='bbox 113 863 308 956; x_wconf 76' lang='lat' dir='ltr'>Insequitur</span> <span class='ocrx_word' id='word_1_27' title='bbox 328 888 452 959; x_wconf 85' lang='lat' dir='ltr'><strong>magno</strong></span> <span class='ocrx_word' id='word_1_28' title='bbox 467 865 538 959; x_wconf 88' lang='lat' dir='ltr'><strong>jam</strong></span> <span class='ocrx_word' id='word_1_29' title='bbox 563 877 634 934; x_wconf 90' lang='lat' dir='ltr'><strong>tum</strong></span> <span class='ocrx_word' id='word_1_30' title='bbox 656 887 827 934; x_wconf 79' lang='lat' dir='ltr'><strong>connexus</strong></span> <span class='ocrx_word' id='word_1_31' title='bbox 847 885 960 930; x_wconf 89' lang='lat' dir='ltr'><strong>amore</strong></span> 
     </span>
    </p>

    <p class='ocr_par' dir='ltr' id='par_1_5' title="bbox 62 982 919 1079">
     <span class='ocr_line' id='line_1_6' title="bbox 62 982 919 1079; baseline -0.004 -25"><span class='ocrx_word' id='word_1_32' title='bbox 62 982 258 1072; x_wconf 79' lang='lat' dir='ltr'><strong>Patroclus,</strong></span> <span class='ocrx_word' id='word_1_33' title='bbox 274 986 443 1079; x_wconf 85' lang='lat' dir='ltr'><strong>tantisque</strong></span> <span class='ocrx_word' id='word_1_34' title='bbox 457 985 649 1054; x_wconf 77' lang='lat' dir='ltr'>extenditur</span> <span class='ocrx_word' id='word_1_35' title='bbox 663 983 804 1056; x_wconf 80' lang='lat' dir='ltr'><strong>aemulus</strong></span> <span class='ocrx_word' id='word_1_36' title='bbox 818 985 919 1070; x_wconf 87' lang='lat' dir='ltr'><strong>actis,</strong></span> 
     </span>
    </p>

    <p class='ocr_par' dir='ltr' id='par_1_6' title="bbox 63 1104 973 1202">
     <span class='ocr_line' id='line_1_7' title="bbox 63 1104 973 1202; baseline 0.002 -27"><span class='ocrx_word' id='word_1_37' title='bbox 63 1109 130 1175; x_wconf 90' lang='lat' dir='ltr'><strong>Par</strong></span> <span class='ocrx_word' id='word_1_38' title='bbox 146 1104 287 1184; x_wconf 81' lang='lat' dir='ltr'><strong>studiis.</strong></span> <span class='ocrx_word' id='word_1_39' title='bbox 306 1109 433 1202; x_wconf 75' lang='lat' dir='ltr'><strong>avique</strong></span> <span class='ocrx_word' id='word_1_40' title='bbox 452 1108 578 1197; x_wconf 88' lang='lat' dir='ltr'><strong>modis,</strong></span> <span class='ocrx_word' id='word_1_41' title='bbox 594 1108 652 1178; x_wconf 90' lang='lat' dir='ltr'><strong>sed</strong></span> <span class='ocrx_word' id='word_1_42' title='bbox 671 1108 794 1177; x_wconf 83' lang='lat' dir='ltr'>robore</span> <span class='ocrx_word' id='word_1_43' title='bbox 809 1106 929 1200; x_wconf 85' lang='lat' dir='ltr'><strong>longe,</strong></span> <span class='ocrx_word' id='word_1_44' title='bbox 971 1174 973 1177; x_wconf 84' lang='lat'>.</span> 
     </span>
    </p>

    <p class='ocr_par' dir='ltr' id='par_1_7' title="bbox 64 1214 1002 1449">
     <span class='ocr_line' id='line_1_8' title="bbox 64 1214 917 1326; baseline 0.002 -30"><span class='ocrx_word' id='word_1_45' title='bbox 64 1230 108 1296; x_wconf 90' lang='lat' dir='ltr'><strong>Et</strong></span> <span class='ocrx_word' id='word_1_46' title='bbox 121 1242 236 1296; x_wconf 87' lang='lat' dir='ltr'><strong>tamen</strong></span> <span class='ocrx_word' id='word_1_47' title='bbox 256 1229 375 1322; x_wconf 75' lang='lat' dir='ltr'><strong>equali</strong></span> <span class='ocrx_word' id='word_1_48' title='bbox 395 1231 525 1299; x_wconf 85' lang='lat' dir='ltr'><strong>visurus</strong></span> <span class='ocrx_word' id='word_1_49' title='bbox 541 1234 704 1326; x_wconf 82' lang='lat' dir='ltr'><strong>Pergama</strong></span> <span class='ocrx_word' id='word_1_50' title='bbox 722 1229 806 1300; x_wconf 86' lang='lat' dir='ltr'><strong>fato.</strong></span> <span class='ocrx_word' id='word_1_51' title='bbox 902 1214 917 1238; x_wconf 73' lang='grc'>”</span> 
     </span>
     <span class='ocr_line' id='line_1_9' title="bbox 111 1347 1002 1449; baseline 0 -32"><span class='ocrx_word' id='word_1_52' title='bbox 111 1351 272 1419; x_wconf 82' lang='lat' dir='ltr'><strong>Protinus</strong></span> <span class='ocrx_word' id='word_1_53' title='bbox 293 1347 348 1419; x_wconf 90' lang='lat' dir='ltr'><strong>illc</strong></span> <span class='ocrx_word' id='word_1_54' title='bbox 365 1350 456 1420; x_wconf 82' lang='lat' dir='ltr'><strong>subit</strong></span> <span class='ocrx_word' id='word_1_55' title='bbox 473 1352 614 1449; x_wconf 90' lang='lat' dir='ltr'><strong>rapido,</strong></span> <span class='ocrx_word' id='word_1_56' title='bbox 634 1377 708 1445; x_wconf 74' lang='lat' dir='ltr'><strong>quae</strong></span> <span class='ocrx_word' id='word_1_57' title='bbox 724 1352 897 1448; x_wconf 84' lang='lat' dir='ltr'><strong>proxima,</strong></span> <span class='ocrx_word' id='word_1_58' title='bbox 915 1347 1002 1418; x_wconf 89' lang='lat' dir='ltr'><strong>saltu</strong></span> 
     </span>
    </p>

    <p class='ocr_par' dir='ltr' id='par_1_8' title="bbox 63 1449 1002 1570">
     <span class='ocr_line' id='line_1_10' title="bbox 63 1449 1002 1570; baseline -0.001 -32"><span class='ocrx_word' id='word_1_59' title='bbox 63 1449 243 1559; x_wconf 79' lang='lat' dir='ltr'><strong>Flumina,</strong></span> <span class='ocrx_word' id='word_1_60' title='bbox 260 1470 493 1568; x_wconf 70' lang='lat' dir='ltr'><strong>fumantesque</strong></span> <span class='ocrx_word' id='word_1_61' title='bbox 510 1499 628 1570; x_wconf 82' lang='lat' dir='ltr'><strong>genas,</strong></span> <span class='ocrx_word' id='word_1_62' title='bbox 645 1475 1002 1566; x_wconf 80' lang='lat' dir='ltr'><strong>crinemquenovatur</strong></span> 
     </span>
    </p>

    <p class='ocr_par' dir='ltr' id='par_1_9' title="bbox 63 1590 910 1688">
     <span class='ocr_line' id='line_1_11' title="bbox 63 1590 910 1688; baseline 0.001 -28"><span class='ocrx_word' id='word_1_63' title='bbox 63 1591 239 1665; x_wconf 85' lang='lat' dir='ltr'><strong>Fontibus.</strong></span> <span class='ocrx_word' id='word_1_64' title='bbox 259 1596 396 1666; x_wconf 74' lang='lat' dir='ltr'><strong>Eurotae</strong></span> <span class='ocrx_word' id='word_1_65' title='bbox 416 1591 525 1688; x_wconf 86' lang='lat' dir='ltr'><strong>qualis</strong></span> <span class='ocrx_word' id='word_1_66' title='bbox 544 1594 630 1666; x_wconf 82' lang='lat' dir='ltr'><strong>vada</strong></span> <span class='ocrx_word' id='word_1_67' title='bbox 647 1597 772 1664; x_wconf 83' lang='lat' dir='ltr'><strong>Castor</strong></span> <span class='ocrx_word' id='word_1_68' title='bbox 788 1590 910 1662; x_wconf 87' lang='lat' dir='ltr'><strong>anhelo</strong></span> 
     </span>
    </p>

    <p class='ocr_par' dir='ltr' id='par_1_10' title="bbox 65 1714 950 1812">
     <span class='ocr_line' id='line_1_12' title="bbox 65 1714 950 1812; baseline 0.001 -30"><span class='ocrx_word' id='word_1_69' title='bbox 65 1716 176 1783; x_wconf 84' lang='lat' dir='ltr'><strong>Intrat</strong></span> <span class='ocrx_word' id='word_1_70' title='bbox 194 1739 302 1808; x_wconf 82' lang='lat' dir='ltr'><strong>eque,</strong></span> <span class='ocrx_word' id='word_1_71' title='bbox 322 1714 511 1812; x_wconf 86' lang='lat' dir='ltr'><strong>fessumque</strong></span> <span class='ocrx_word' id='word_1_72' title='bbox 531 1717 583 1785; x_wconf 91' lang='lat' dir='ltr'><strong>sui</strong></span> <span class='ocrx_word' id='word_1_73' title='bbox 599 1717 699 1811; x_wconf 89' lang='lat' dir='ltr'><strong>jubar</strong></span> <span class='ocrx_word' id='word_1_74' title='bbox 716 1717 839 1786; x_wconf 82' lang='lat' dir='ltr'><strong>excitat</strong></span> <span class='ocrx_word' id='word_1_75' title='bbox 857 1716 950 1786; x_wconf 88' lang='lat' dir='ltr'><strong>astri.</strong></span> 
     </span>
    </p>

    <p class='ocr_par' dir='ltr' id='par_1_11' title="bbox 65 1832 1004 1934">
     <span class='ocr_line' id='line_1_13' title="bbox 65 1832 1004 1934; baseline 0.002 -30"><span class='ocrx_word' id='word_1_76' title='bbox 65 1837 231 1924; x_wconf 86' lang='lat' dir='ltr'><strong>Miratur,</strong></span> <span class='ocrx_word' id='word_1_77' title='bbox 248 1837 417 1932; x_wconf 82' lang='lat' dir='ltr'><strong>comitque</strong></span> <span class='ocrx_word' id='word_1_78' title='bbox 432 1832 552 1929; x_wconf 82' lang='lat' dir='ltr'><strong>senex,</strong></span> <span class='ocrx_word' id='word_1_79' title='bbox 572 1864 663 1908; x_wconf 93' lang='lat' dir='ltr'><strong>nunc</strong></span> <span class='ocrx_word' id='word_1_80' title='bbox 679 1853 817 1934; x_wconf 84' lang='lat' dir='ltr'><strong>pectora</strong></span> <span class='ocrx_word' id='word_1_81' title='bbox 834 1837 1004 1922; x_wconf 85' lang='lat' dir='ltr'><strong>mulcens,</strong></span> 
     </span>
    </p>

    <p class='ocr_par' dir='ltr' id='par_1_12' title="bbox 67 1957 1027 2057">
     <span class='ocr_line' id='line_1_14' title="bbox 67 1957 1027 2057; baseline 0.002 -31"><span class='ocrx_word' id='word_1_82' title='bbox 67 1957 165 2026; x_wconf 88' lang='lat' dir='ltr'><strong>Nunc</strong></span> <span class='ocrx_word' id='word_1_83' title='bbox 182 1957 285 2029; x_wconf 84' lang='lat' dir='ltr'><strong>fortes</strong></span> <span class='ocrx_word' id='word_1_84' title='bbox 296 1958 482 2050; x_wconf 84' lang='lat' dir='ltr'><strong>humeros:</strong></span> <span class='ocrx_word' id='word_1_85' title='bbox 499 1976 631 2057; x_wconf 81' lang='lat' dir='ltr'><strong>angunt</strong></span> <span class='ocrx_word' id='word_1_86' title='bbox 648 1986 708 2032; x_wconf 90' lang='lat' dir='ltr'><strong>sua</strong></span> <span class='ocrx_word' id='word_1_87' title='bbox 728 1959 851 2057; x_wconf 85' lang='lat' dir='ltr'><strong>gaudia</strong></span> <span class='ocrx_word' id='word_1_88' title='bbox 873 1975 1027 2030; x_wconf 90' lang='lat' dir='ltr'><strong>matrem.</strong></span> 
     </span>
    </p>

    <p class='ocr_par' dir='ltr' id='par_1_13' title="bbox 66 2069 1083 2178">
     <span class='ocr_line' id='line_1_15' title="bbox 66 2069 1083 2178; baseline 0.003 -30"><span class='ocrx_word' id='word_1_89' title='bbox 66 2069 161 2150; x_wconf 83' lang='lat' dir='ltr'><strong>Tunc</strong></span> <span class='ocrx_word' id='word_1_90' title='bbox 183 2078 289 2150; x_wconf 89' lang='lat' dir='ltr'><strong>libare</strong></span> <span class='ocrx_word' id='word_1_91' title='bbox 308 2080 433 2176; x_wconf 89' lang='lat' dir='ltr'><strong>dapes,</strong></span> <span class='ocrx_word' id='word_1_92' title='bbox 454 2083 670 2178; x_wconf 83' lang='lat' dir='ltr'><strong>Baccheaque</strong></span> <span class='ocrx_word' id='word_1_93' title='bbox 694 2107 835 2154; x_wconf 90' lang='lat' dir='ltr'><strong>munera</strong></span> <span class='ocrx_word' id='word_1_94' title='bbox 857 2083 985 2154; x_wconf 90' lang='lat' dir='ltr'><strong>Chiron</strong></span> <span class='ocrx_word' id='word_1_95' title='bbox 1076 2121 1083 2136; x_wconf 45' lang='lat' dir='ltr'>x</span> 
     </span>
    </p>

    <p class='ocr_par' dir='ltr' id='par_1_14' title="bbox 69 2203 949 2290">
     <span class='ocr_line' id='line_1_16' title="bbox 69 2203 949 2290; baseline 0.005 -19"><span class='ocrx_word' id='word_1_96' title='bbox 69 2205 177 2290; x_wconf 88' lang='lat' dir='ltr'><strong>Orat,</strong></span> <span class='ocrx_word' id='word_1_97' title='bbox 187 2218 222 2273; x_wconf 91' lang='lat' dir='ltr'><strong>et</strong></span> <span class='ocrx_word' id='word_1_98' title='bbox 237 2206 414 2276; x_wconf 85' lang='lat' dir='ltr'><strong>attonitam</strong></span> <span class='ocrx_word' id='word_1_99' title='bbox 432 2207 525 2274; x_wconf 87' lang='lat' dir='ltr'><strong>vario</strong></span> <span class='ocrx_word' id='word_1_100' title='bbox 543 2203 766 2275; x_wconf 81' lang='lat' dir='ltr'><strong>oblectamine</strong></span> <span class='ocrx_word' id='word_1_101' title='bbox 781 2203 949 2286; x_wconf 82' lang='lat' dir='ltr'><strong>mulcens,</strong></span> 
     </span>
    </p>

    <p class='ocr_par' dir='ltr' id='par_1_15' title="bbox 69 2321 937 2422">
     <span class='ocr_line' id='line_1_17' title="bbox 69 2321 937 2422; baseline 0.006 -30"><span class='ocrx_word' id='word_1_102' title='bbox 69 2321 167 2395; x_wconf 90' lang='lat' dir='ltr'><strong>Elicit</strong></span> <span class='ocrx_word' id='word_1_103' title='bbox 186 2338 336 2402; x_wconf 66' lang='lat' dir='ltr'><strong>musmo</strong></span> <span class='ocrx_word' id='word_1_104' title='bbox 354 2324 491 2422; x_wconf 88' lang='lat' dir='ltr'><strong>chelyn,</strong></span> <span class='ocrx_word' id='word_1_105' title='bbox 507 2342 541 2397; x_wconf 88' lang='lat' dir='ltr'><strong>et</strong></span> <span class='ocrx_word' id='word_1_106' title='bbox 557 2326 700 2398; x_wconf 81' lang='lat' dir='ltr'><strong>solantia</strong></span> <span class='ocrx_word' id='word_1_107' title='bbox 719 2353 818 2398; x_wconf 87' lang='lat' dir='ltr'><strong>curas</strong></span> <span class='ocrx_word' id='word_1_108' title='bbox 927 2401 937 2410; x_wconf 34' lang='lat' dir='ltr'>f</span> 
     </span>
    </p>

    <p class='ocr_par' dir='ltr' id='par_1_16' title="bbox 68 2428 954 2547">
     <span class='ocr_line' id='line_1_18' title="bbox 68 2428 954 2547; baseline 0.008 -33"><span class='ocrx_word' id='word_1_109' title='bbox 68 2445 135 2517; x_wconf 90' lang='lat' dir='ltr'><strong>Fila</strong></span> <span class='ocrx_word' id='word_1_110' title='bbox 152 2462 283 2539; x_wconf 87' lang='lat' dir='ltr'><strong>movet,</strong></span> <span class='ocrx_word' id='word_1_111' title='bbox 304 2448 487 2545; x_wconf 83' lang='lat' dir='ltr'><strong>leviterque</strong></span> <span class='ocrx_word' id='word_1_112' title='bbox 506 2465 659 2546; x_wconf 83' lang='lat' dir='ltr'><strong>expertas</strong></span> <span class='ocrx_word' id='word_1_113' title='bbox 674 2428 795 2547; x_wconf 83' lang='lat' dir='ltr'><strong>pollice</strong></span> <span class='ocrx_word' id='word_1_114' title='bbox 811 2449 954 2521; x_wconf 84' lang='lat' dir='ltr'><strong>chordas</strong></span> 
     </span>
    </p>

    <p class='ocr_par' dir='ltr' id='par_1_17' title="bbox 69 2571 933 2665">
     <span class='ocr_line' id='line_1_19' title="bbox 69 2571 933 2665; baseline 0.005 -27"><span class='ocrx_word' id='word_1_115' title='bbox 69 2571 133 2639; x_wconf 90' lang='lat' dir='ltr'><strong>Dat</strong></span> <span class='ocrx_word' id='word_1_116' title='bbox 150 2596 260 2665; x_wconf 85' lang='lat' dir='ltr'><strong>puero</strong></span> <span class='ocrx_word' id='word_1_117' title='bbox 279 2574 399 2645; x_wconf 79' lang='lat' dir='ltr'><strong>:canit</strong></span> <span class='ocrx_word' id='word_1_118' title='bbox 416 2572 473 2643; x_wconf 87' lang='lat' dir='ltr'><strong>ille</strong></span> <span class='ocrx_word' id='word_1_119' title='bbox 491 2571 598 2645; x_wconf 88' lang='lat' dir='ltr'><strong>libens</strong></span> <span class='ocrx_word' id='word_1_120' title='bbox 616 2575 781 2643; x_wconf 90' lang='lat' dir='ltr'><strong>immania.</strong></span> <span class='ocrx_word' id='word_1_121' title='bbox 794 2572 933 2643; x_wconf 89' lang='lat' dir='ltr'><strong>laudum</strong></span> 
     </span>
    </p>

    <p class='ocr_par' dir='ltr' id='par_1_18' title="bbox 70 2692 913 2791">
     <span class='ocr_line' id='line_1_20' title="bbox 70 2692 913 2791; baseline 0.009 -32"><span class='ocrx_word' id='word_1_122' title='bbox 70 2692 218 2782; x_wconf 81' lang='lat' dir='ltr'><strong>Semina,</strong></span> <span class='ocrx_word' id='word_1_123' title='bbox 236 2696 295 2789; x_wconf 91' lang='lat' dir='ltr'><strong>qui</strong></span> <span class='ocrx_word' id='word_1_124' title='bbox 309 2694 451 2767; x_wconf 77' lang='lat' dir='ltr'><strong>,tumidae</strong></span> <span class='ocrx_word' id='word_1_125' title='bbox 470 2696 636 2791; x_wconf 85' lang='lat' dir='ltr'><strong>superarit</strong></span> <span class='ocrx_word' id='word_1_126' title='bbox 651 2697 745 2791; x_wconf 87' lang='lat' dir='ltr'><strong>jussa</strong></span> <span class='ocrx_word' id='word_1_127' title='bbox 761 2720 913 2767; x_wconf 83' lang='lat' dir='ltr'><strong>novercae</strong></span> 
     </span>
    </p>

    <p class='ocr_par' dir='ltr' id='par_1_19' title="bbox 70 2814 954 2913">
     <span class='ocr_line' id='line_1_21' title="bbox 70 2814 954 2913; baseline 0.006 -30"><span class='ocrx_word' id='word_1_128' title='bbox 70 2814 383 2911; x_wconf 79' lang='lat' dir='ltr'><strong>Amphitryoniades</strong></span> <span class='ocrx_word' id='word_1_129' title='bbox 406 2842 415 2887; x_wconf 74' lang='lat' dir='ltr'><strong>a</strong></span> <span class='ocrx_word' id='word_1_130' title='bbox 437 2816 666 2912; x_wconf 82' lang='lat' dir='ltr'><strong>crudumque</strong></span> <span class='ocrx_word' id='word_1_131' title='bbox 686 2818 839 2913; x_wconf 84' lang='lat' dir='ltr'><strong>Bebryca</strong></span> <span class='ocrx_word' id='word_1_132' title='bbox 853 2834 954 2889; x_wconf 78' lang='lat' dir='ltr'><strong>caestu</strong></span> 
     </span>
    </p>

    <p class='ocr_par' dir='ltr' id='par_1_20' title="bbox 72 2936 871 3035">
     <span class='ocr_line' id='line_1_22' title="bbox 72 2936 871 3035; baseline 0.006 -30"><span class='ocrx_word' id='word_1_133' title='bbox 72 2936 230 3008; x_wconf 89' lang='lat' dir='ltr'><strong>Obruerit</strong></span> <span class='ocrx_word' id='word_1_134' title='bbox 247 2936 366 3009; x_wconf 83' lang='lat' dir='ltr'><strong>Pollux</strong></span> <span class='ocrx_word' id='word_1_135' title='bbox 387 2965 395 3007; x_wconf 90' lang='lat'><strong>:</strong></span> <span class='ocrx_word' id='word_1_136' title='bbox 412 2954 539 3035; x_wconf 89' lang='lat' dir='ltr'><strong>quanto</strong></span> <span class='ocrx_word' id='word_1_137' title='bbox 556 2939 767 3011; x_wconf 89' lang='lat' dir='ltr'><strong>circumdata</strong></span> <span class='ocrx_word' id='word_1_138' title='bbox 784 2965 871 3011; x_wconf 83' lang='lat' dir='ltr'><strong>nexu</strong></span> 
     </span>
    </p>

    <p class='ocr_par' dir='ltr' id='par_1_21' title="bbox 72 3058 783 3157">
     <span class='ocr_line' id='line_1_23' title="bbox 72 3058 783 3157; baseline 0.006 -30"><span class='ocrx_word' id='word_1_139' title='bbox 72 3060 213 3156; x_wconf 87' lang='lat' dir='ltr'><strong>Ruperit</strong></span> <span class='ocrx_word' id='word_1_140' title='bbox 230 3060 363 3157; x_wconf 82' lang='lat' dir='ltr'><strong>AEgides</strong></span> <span class='ocrx_word' id='word_1_141' title='bbox 380 3063 490 3132; x_wconf 88' lang='lat' dir='ltr'><strong>Minoi</strong></span> <span class='ocrx_word' id='word_1_142' title='bbox 507 3062 646 3132; x_wconf 89' lang='lat' dir='ltr'><strong>brachia</strong></span> <span class='ocrx_word' id='word_1_143' title='bbox 664 3058 753 3133; x_wconf 85' lang='lat' dir='ltr'><strong>tauri</strong></span> <span class='ocrx_word' id='word_1_144' title='bbox 775 3088 783 3131; x_wconf 91' lang='lat'>:</span> 
     </span>
    </p>

    <p class='ocr_par' dir='ltr' id='par_1_22' title="bbox 72 3180 925 3282">
     <span class='ocr_line' id='line_1_24' title="bbox 72 3180 925 3282; baseline 0.007 -33"><span class='ocrx_word' id='word_1_145' title='bbox 72 3180 241 3252; x_wconf 82' lang='lat' dir='ltr'><strong>Maternus</strong></span> <span class='ocrx_word' id='word_1_146' title='bbox 258 3184 294 3251; x_wconf 91' lang='lat' dir='ltr'><strong>in</strong></span> <span class='ocrx_word' id='word_1_147' title='bbox 312 3183 380 3254; x_wconf 88' lang='lat' dir='ltr'><strong>fine</strong></span> <span class='ocrx_word' id='word_1_148' title='bbox 399 3198 509 3272; x_wconf 87' lang='lat' dir='ltr'><strong>toros,</strong></span> <span class='ocrx_word' id='word_1_149' title='bbox 528 3185 730 3280; x_wconf 87' lang='lat' dir='ltr'><strong>Superiaque</strong></span> <span class='ocrx_word' id='word_1_150' title='bbox 749 3202 925 3282; x_wconf 70' lang='lat' dir='ltr'><strong>gravuum</strong></span> 
     </span>
    </p>

    <p class='ocr_par' dir='ltr' id='par_1_23' title="bbox 73 3299 863 3381">
     <span class='ocr_line' id='line_1_25' title="bbox 73 3299 863 3381; baseline 0.015 -14"><span class='ocrx_word' id='word_1_151' title='bbox 73 3299 184 3372; x_wconf 87' lang='lat' dir='ltr'><strong>Pelion</strong></span> <span class='ocrx_word' id='word_1_152' title='bbox 206 3330 215 3373; x_wconf 76' lang='grc' dir='ltr'><strong><em>ε</em></strong></span> <span class='ocrx_word' id='word_1_153' title='bbox 240 3305 298 3374; x_wconf 93' lang='lat' dir='ltr'><strong>hic</strong></span> <span class='ocrx_word' id='word_1_154' title='bbox 317 3306 396 3375; x_wconf 83' lang='lat' dir='ltr'><strong>ficto</strong></span> <span class='ocrx_word' id='word_1_155' title='bbox 411 3306 487 3381; x_wconf 75' lang='lat' dir='ltr'><strong>risit</strong></span> <span class='ocrx_word' id='word_1_156' title='bbox 505 3308 621 3377; x_wconf 90' lang='lat' dir='ltr'><strong>Thetis</strong></span> <span class='ocrx_word' id='word_1_157' title='bbox 638 3310 740 3379; x_wconf 84' lang='lat' dir='ltr'><strong>anxia</strong></span> <span class='ocrx_word' id='word_1_158' title='bbox 757 3308 863 3379; x_wconf 85' lang='lat' dir='ltr'><strong>vultu.</strong></span> 
     </span>
    </p>

    <p class='ocr_par' dir='ltr' id='par_1_24' title="bbox 68 3424 934 3528">
     <span class='ocr_line' id='line_1_26' title="bbox 68 3424 934 3528; baseline 0.013 -37"><span class='ocrx_word' id='word_1_159' title='bbox 68 3424 145 3495; x_wconf 83' lang='lat' dir='ltr'><strong>&#39;Nox</strong></span> <span class='ocrx_word' id='word_1_160' title='bbox 165 3426 271 3497; x_wconf 89' lang='lat' dir='ltr'><strong>trahit</strong></span> <span class='ocrx_word' id='word_1_161' title='bbox 288 3429 321 3497; x_wconf 92' lang='lat' dir='ltr'><strong>in</strong></span> <span class='ocrx_word' id='word_1_162' title='bbox 340 3454 502 3500; x_wconf 86' lang='lat' dir='ltr'><strong>somnos:</strong></span> <span class='ocrx_word' id='word_1_163' title='bbox 521 3455 600 3501; x_wconf 84' lang='lat' dir='ltr'><strong>saxo</strong></span> <span class='ocrx_word' id='word_1_164' title='bbox 616 3430 797 3502; x_wconf 90' lang='lat' dir='ltr'><strong>collabitur</strong></span> <span class='ocrx_word' id='word_1_165' title='bbox 816 3433 934 3528; x_wconf 82' lang='lat' dir='ltr'><strong>ingens</strong></span> 
     </span>
    </p>

    <p class='ocr_par' dir='ltr' id='par_1_25' title="bbox 75 3548 1065 3647">
     <span class='ocr_line' id='line_1_27' title="bbox 75 3548 1065 3647; baseline 0.011 -33"><span class='ocrx_word' id='word_1_166' title='bbox 75 3548 275 3639; x_wconf 87' lang='lat' dir='ltr'><strong>Centaurus,</strong></span> <span class='ocrx_word' id='word_1_167' title='bbox 294 3552 493 3647; x_wconf 81' lang='lat' dir='ltr'><strong>blandisque</strong></span> <span class='ocrx_word' id='word_1_168' title='bbox 512 3553 659 3622; x_wconf 89' lang='lat' dir='ltr'><strong>humeris</strong></span> <span class='ocrx_word' id='word_1_169' title='bbox 679 3578 714 3623; x_wconf 89' lang='lat' dir='ltr'><strong>se</strong></span> <span class='ocrx_word' id='word_1_170' title='bbox 734 3555 877 3625; x_wconf 86' lang='lat' dir='ltr'><strong>innectit</strong></span> <span class='ocrx_word' id='word_1_171' title='bbox 893 3548 1065 3642; x_wconf 74' lang='lat' dir='ltr'><strong>Achilles,</strong></span> 
     </span>
    </p>

    <p class='ocr_par' dir='ltr' id='par_1_26' title="bbox 75 3668 1117 3896">
     <span class='ocr_line' id='line_1_28' title="bbox 75 3668 1117 3772; baseline 0.004 -31"><span class='ocrx_word' id='word_1_172' title='bbox 75 3668 272 3768; x_wconf 86' lang='lat' dir='ltr'><strong>Quanquam</strong></span> <span class='ocrx_word' id='word_1_173' title='bbox 290 3674 336 3745; x_wconf 93' lang='lat' dir='ltr'><strong>ibi</strong></span> <span class='ocrx_word' id='word_1_174' title='bbox 356 3675 422 3746; x_wconf 89' lang='lat' dir='ltr'><strong>fida</strong></span> <span class='ocrx_word' id='word_1_175' title='bbox 440 3701 579 3772; x_wconf 85' lang='lat' dir='ltr'><strong>parens,</strong></span> <span class='ocrx_word' id='word_1_176' title='bbox 601 3689 799 3770; x_wconf 85' lang='lat' dir='ltr'><strong>assuetaque</strong></span> <span class='ocrx_word' id='word_1_177' title='bbox 819 3691 958 3771; x_wconf 88' lang='lat' dir='ltr'><strong>pectora</strong></span> <span class='ocrx_word' id='word_1_178' title='bbox 977 3674 1117 3746; x_wconf 82' lang='lat' dir='ltr'><strong>mavult.</strong></span> 
     </span>
     <span class='ocr_line' id='line_1_29' title="bbox 119 3792 1105 3896; baseline 0.002 -29"><span class='ocrx_word' id='word_1_179' title='bbox 119 3799 162 3867; x_wconf 79' lang='lat' dir='ltr'><strong>At</strong></span> <span class='ocrx_word' id='word_1_180' title='bbox 180 3799 295 3870; x_wconf 90' lang='lat' dir='ltr'><strong>Thetis</strong></span> <span class='ocrx_word' id='word_1_181' title='bbox 315 3800 487 3871; x_wconf 89' lang='lat' dir='ltr'><strong>undisonis</strong></span> <span class='ocrx_word' id='word_1_182' title='bbox 507 3815 719 3895; x_wconf 88' lang='lat' dir='ltr'><strong>pernoctem</strong></span> <span class='ocrx_word' id='word_1_183' title='bbox 738 3802 773 3869; x_wconf 88' lang='lat' dir='ltr'><strong>in</strong></span> <span class='ocrx_word' id='word_1_184' title='bbox 790 3792 932 3896; x_wconf 87' lang='lat' dir='ltr'><strong>rupibus</strong></span> <span class='ocrx_word' id='word_1_185' title='bbox 955 3798 1105 3888; x_wconf 88' lang='lat' dir='ltr'><strong>adstans,</strong></span> 
     </span>
    </p>

    <p class='ocr_par' dir='ltr' id='par_1_27' title="bbox 77 3918 964 4018">
     <span class='ocr_line' id='line_1_30' title="bbox 77 3918 964 4018; baseline 0.006 -31"><span class='ocrx_word' id='word_1_186' title='bbox 77 3918 155 4005; x_wconf 71' lang='lat' dir='ltr'><strong>Quae</strong></span> <span class='ocrx_word' id='word_1_187' title='bbox 173 3938 252 3992; x_wconf 89' lang='lat' dir='ltr'><strong>nato</strong></span> <span class='ocrx_word' id='word_1_188' title='bbox 272 3938 397 3993; x_wconf 85' lang='lat' dir='ltr'><strong>secreta</strong></span> <span class='ocrx_word' id='word_1_189' title='bbox 415 3922 514 4012; x_wconf 87' lang='lat' dir='ltr'><strong>velit,</strong></span> <span class='ocrx_word' id='word_1_190' title='bbox 532 3925 653 4018; x_wconf 90' lang='lat' dir='ltr'><strong>quibus</strong></span> <span class='ocrx_word' id='word_1_191' title='bbox 674 3924 797 3994; x_wconf 87' lang='lat' dir='ltr'><strong>abdere</strong></span> <span class='ocrx_word' id='word_1_192' title='bbox 816 3925 913 3993; x_wconf 90' lang='lat' dir='ltr'><strong>terris</strong></span> <span class='ocrx_word' id='word_1_193' title='bbox 958 3957 964 3967; x_wconf 88' lang='lat'><strong>·</strong></span> 
     </span>
    </p>

    <p class='ocr_par' dir='ltr' id='par_1_28' title="bbox 77 4039 904 4135">
     <span class='ocr_line' id='line_1_31' title="bbox 77 4039 904 4135; baseline 0.007 -25"><span class='ocrx_word' id='word_1_194' title='bbox 77 4039 243 4135; x_wconf 86' lang='lat' dir='ltr'><strong>Destinet,</strong></span> <span class='ocrx_word' id='word_1_195' title='bbox 265 4047 348 4133; x_wconf 90' lang='lat' dir='ltr'><strong>huc,</strong></span> <span class='ocrx_word' id='word_1_196' title='bbox 370 4045 468 4134; x_wconf 88' lang='lat' dir='ltr'><strong>illuc,</strong></span> <span class='ocrx_word' id='word_1_197' title='bbox 484 4045 615 4116; x_wconf 85' lang='lat' dir='ltr'><strong>diversa</strong></span> <span class='ocrx_word' id='word_1_198' title='bbox 636 4061 747 4115; x_wconf 85' lang='lat' dir='ltr'><strong>mente</strong></span> <span class='ocrx_word' id='word_1_199' title='bbox 765 4044 904 4116; x_wconf 84' lang='lat' dir='ltr'><strong>volutat.</strong></span> 
     </span>
    </p>
   </div>
   <div class='ocr_carea' id='block_1_2' title="bbox 0 0 1493 4950">
    <p class='ocr_par' dir='ltr' id='par_1_29' title="bbox 0 0 1493 4950">
     <span class='ocr_line' id='line_1_32' title="bbox 0 0 1493 4950; baseline 0 0"><span class='ocrx_word' id='word_1_200' title='bbox 0 0 1493 4950; x_wconf 95' lang='lat' dir='ltr'><strong> </strong></span> 
     </span>
    </p>
   </div>
  </div>
 </body>
</html>
