2934 4950
332 390 378 462 xvj
527 390 579 446 ns
597 391 627 444 r.
648 390 678 444 r.
697 389 833 445 srarro
854 389 1023 444 uorrru.
1044 389 1190 444 ursas.

330 524 400 562 rern.
422 507 569 578 Reputans
590 505 679 580 igitur
699 505 756 582 legi
770 524 830 561 non
850 505 942 562 solere
958 505 1081 562 Statium
1094 503 1150 560 nisi
1170 505 1208 560 ab
1228 504 1263 561 iis
1280 505 1330 580 qni
1349 517 1383 562 et

330 598 434 673 linguae
446 597 539 653 latinae'
546 640 555 668 ,
570 608 599 654 et
613 598 832 672 antiquitatum,
846 607 875 653 et
885 597 1069 674 mythologie
1082 597 1177 672 probe
1185 609 1277 656 essent
1286 598 1382 654 scien—

331 701 373 748 tes
386 689 613 765 eruditionisque
635 690 755 747 classica
772 690 935 748 rudimenta
953 689 1128 765 posuissent,
1144 710 1177 747 ea
1196 693 1382 748 solummodo

331 785 376 838 vel
397 783 519 839 aliorum
541 783 637 839 verbis
656 784 702 840 vel
722 782 793 839 meis
814 783 959 858 explicare
981 783 1099 855 studui,
1117 783 1149 838 in
1170 783 1275 864 quihus
1294 785 1383 840 etiam

330 874 542 932 exercitatiores
555 886 671 950 possent
690 875 846 932 offendere.
862 880 927 948 Qua
941 874 1090 932 occasione
1100 877 1280 932 Lactantimn
1293 878 1382 933 scho-

330 968 441 1025 liastam
466 987 540 1042 saepe
566 969 669 1025 tacitus
697 968 847 1024 emendavi
869 987 885 1024 e
920 968 1006 1024 codd.
1040 968 1179 1025 Parisinis.
1209 971 1384 1026 Criticarum

330 1082 399 1118 rero
420 1073 556 1118 notarum
574 1081 629 1136 pro
651 1061 852 1118 recensionum
875 1081 939 1136 qnae
961 1061 1134 1117 exhibentur
1155 1062 1317 1119 diversitate
1331 1064 1383 1119 di-

329 1174 410 1213 versa
432 1153 559 1211 ineunda
579 1154 634 1210 fuit
651 1154 734 1210 ratio.
750 1154 841 1210 Silvas
853 1155 1059 1221 Martianus,
1080 1164 1115 1210 ut
1135 1167 1261 1228 constat,
1280 1158 1383 1232 paullo

331 1247 467 1306 audacius
488 1245 629 1317 refinxit,
649 1264 755 1321 magna
774 1264 874 1302 earnm
894 1246 1081 1321 corruptione
1102 1258 1131 1303 et
1151 1247 1304 1319 codicum,
1328 1251 1383 1324 qui

331 1340 448 1415 iusuper
468 1358 504 1396 ex
525 1359 585 1394 una
605 1357 703 1395 omnes
723 1337 829 1394 familia
852 1338 1049 1413 proveniunt,
1066 1340 1212 1413 paucitate
1236 1352 1331 1398 motos
1352 1354 1384 1398 et

331 1443 480 1490 excusatus
502 1452 509 1486 ε
534 1431 617 1505 cujus
634 1431 808 1488 mutationes
827 1431 852 1488 si
872 1450 1021 1489 recensere
1044 1432 1198 1490 voluissem
1218 1454 1332 1506 omnes,
1352 1449 1384 1491 et

332 1545 429 1582 earum
449 1544 546 1582 causas
566 1525 724 1600 praecipuas
741 1524 891 1596 indicare,
915 1525 957 1580 dii
972 1525 1063 1595 boni,
1083 1528 1168 1599 quale
1190 1538 1219 1582 et
1238 1538 1383 1601 quantum

331 1637 482 1676 evasurum
504 1629 564 1674 erat
584 1618 640 1674 hoc
660 1619 809 1675 volumen!
832 1620 868 1674 ln
888 1617 921 1674 iis
939 1617 1027 1693 igitur
1044 1619 1216 1675 annotandis
1232 1638 1278 1675 me
1307 1639 1384 1676 con-

332 1711 449 1768 tinerem
464 1711 634 1786 oportebat,
656 1729 719 1786 quae
732 1710 874 1786 legentem
892 1712 953 1766 haec
973 1711 1096 1767 carmina
1117 1723 1252 1786 poterant
1273 1714 1384 1768 morari

332 1806 376 1861 vel
395 1806 522 1860 turbare.
537 1803 700 1861 Thebaidos
723 1815 818 1859 autem
841 1815 870 1860 et
888 1803 1063 1860 Achilleidos
1082 1805 1290 1874 recensionem,
1316 1826 1385 1880 quae

333 1899 376 1953 vel
391 1895 554 1953 Barthianis
570 1896 704 1954 subsidiis
718 1897 891 1953 conveniens
904 1907 934 1952 et
947 1897 1035 1974 digna
1049 1909 1133 1970 esset,
1150 1918 1236 1954 nemo
1251 1899 1288 1954 ad
1303 1900 1385 1955 hunc

332 1991 407 2046 diem
420 1991 496 2066 typis
511 1990 727 2047 exscribendam
741 1991 863 2048 tradidit
876 2012 883 2047 ε
898 2011 988 2066 qnare
1001 2011 1062 2048 non
1075 1991 1199 2049 alienum
1208 2011 1267 2049 esse
1279 1995 1384 2067 putari

333 2085 368 2140 ab
386 2083 577 2140 honestissimi
598 2083 708 2140 librarii
731 2083 880 2156 instituto,
899 2095 932 2140 ut
946 2085 978 2140 in
992 2102 1093 2141 eorum
1110 2087 1308 2158 commodum,
1328 2088 1386 2161 qui

334 2176 484 2233 barthiana
501 2177 620 2252 aliisque
634 2175 811 2232 editionibus
831 2187 860 2233 et
874 2177 986 2252 scriptis
1000 2178 1104 2234 criticis
1117 2190 1261 2250 carerent,
1275 2181 1322 2236 vel
1335 2181 1386 2236 usi

333 2270 463 2327 nondum
475 2281 584 2341 essent,
600 2269 756 2344 specimina
769 2271 874 2326 horum
889 2271 1046 2326 carminum
1059 2290 1076 2326 e
1090 2271 1238 2329 codicibus
1254 2284 1282 2329 et
1294 2273 1384 2349 inge-

240 2365 242 2369 ’
333 2364 381 2420 nio
400 2363 646 2420 emendandorum
671 2382 776 2440 magno
796 2381 918 2419 numero
938 2381 1141 2438 proponerem.
1163 2366 1321 2422 Praesertim
1345 2387 1386 2423 ex

333 2458 443 2533 optimo
470 2457 520 2513 illo
552 2468 581 2514 et
603 2457 689 2513 unico
720 2457 821 2514 codice
843 2457 953 2514 Barthii
977 2459 1229 2516 commemoranda
1252 2459 1385 2533 judicavi

333 2552 567 2626 quamplurima,
586 2550 695 2625 quippe
708 2551 822 2608 veritati
829 2553 1000 2627 plerumque
1014 2551 1119 2609 affinia.
1134 2554 1235 2628 Neque
1253 2554 1385 2629 neglecta

333 2655 398 2701 sunt
411 2636 604 2711 Heinrrbmr'n,
619 2646 664 2701 W
660 2644 799 2719 altercati
811 2645 992 2720 aliorumque
1005 2645 1169 2703 criticorrnn
1184 2645 1302 2721 scripta,
1317 2666 1385 2721 quae

334 2738 363 2792 in
375 2736 497 2793 Statium
511 2738 726 2795 observationes
740 2737 909 2796 continent:
927 2738 977 2794 sed
990 2757 1082 2813 usque
1094 2738 1180 2794 velim
1192 2750 1321 2813 reputes,
1334 2754 1385 2795 me

332 2829 486 2904 specimina
504 2839 629 2899 tantum,
645 2829 866 2899 emendationis,
887 2849 948 2885 non
966 2830 1163 2887 recensionem
1186 2842 1280 2905 poetae
1297 2832 1386 2887 exhi-

332 2938 402 2994 bere
421 2936 558 3007 voluisse,
576 2947 604 2992 et
618 2936 750 2991 consulto
765 2934 891 2992 omisisse
907 2937 996 2991 multa
1010 2955 1074 3011 quae
1087 2936 1299 3011 probabilitatis
1312 2956 1385 3012 spe-

333 3030 404 3085 ciem
422 3048 483 3085 non
495 3028 641 3084 haberent.
656 3028 743 3098 Vale,
755 3027 896 3083 benevole
909 3030 1010 3100 lector,
1025 3039 1054 3084 et
1072 3028 1140 3085 huic
1155 3029 1301 3104 quidquid
1314 3033 1385 3087 Sta-

334 3122 375 3179 tio
395 3121 523 3196 impendi
536 3139 629 3195 operae
649 3120 721 3177 fave.

944 3239 1130 3296 Farnrarcus
1150 3241 1317 3298 DUBNER.
