2934 4950
375 447 392 486 n
692 431 904 490 Tunntmos
926 431 1035 487 LIBER
1057 431 1105 486 W.
1315 425 1397 486 (mli

423 560 476 628 sic
495 558 552 626 ubi
571 557 656 627 forte
675 559 753 626 viris
772 558 908 652 longum
928 581 1026 651 super
1047 580 1161 650 aequor
1176 553 1288 634 ituris,

352 664 357 673 ’
373 684 488 771 Quum
503 680 574 772 jam
590 678 633 747 ad
647 677 719 748 vela
739 681 837 766 Noti,
857 693 890 748 et
904 680 1004 748 scisso
1023 677 1108 746 redit
1127 698 1248 744 ancora
1266 670 1379 754 fundo,

374 807 485 870 Haeret
501 801 606 868 amica
623 823 741 867 manus
757 825 765 866 :
781 813 912 867 certant
930 799 1098 866 innectere
1116 794 1202 865 collo

374 922 534 1002 Brachia3
550 935 792 1013 manantesque
807 917 921 987 oculos
958 919 1037 986 hinc
1053 916 1165 986 oscula
1186 915 1340 1001 turbant,

373 1043 460 1109 Hinc
476 1043 589 1137 magni
608 1039 715 1135 caligo
730 1041 847 1126 maris3
867 1039 1069 1132 tandemque
1085 1035 1192 1105 relicti

375 1165 472 1230 Stant
491 1164 524 1229 in
542 1186 626 1255 rupe
642 1176 752 1229 tamen
769 1159 951 1252 :fugientia
970 1160 1104 1228 carbasa
1118 1161 1190 1227 visu

371 1280 480 1352 Dulce
496 1285 605 1376 sequi,
623 1284 813 1375 patriosque
832 1278 946 1350 dolent
963 1281 1170 1349 crebrescere
1191 1295 1324 1365 ventos;

373 1406 472 1472 Stant
486 1419 616 1487 tamen,
636 1418 668 1471 et
688 1416 801 1471 notam
820 1425 968 1495 puppem
985 1399 1027 1469 de
1044 1425 1127 1495 rupe
1144 1397 1301 1469 salutant.

420 1526 519 1593 Nunc
538 1525 637 1610 mihi,
656 1523 745 1591 fama
765 1523 867 1616 prior,
887 1521 1072 1614 mundique
1090 1541 1211 1590 areana
1229 1535 1384 1592 vetustas.

373 1646 437 1714 Cui
459 1646 649 1712 meminisse
669 1643 809 1728 ducum,
829 1645 980 1734 vitasque
1000 1641 1178 1711 extendere
1194 1665 1298 1728 cure,

370 1765 485 1833 Pande
501 1766 612 1833 viros:
629 1779 733 1856 tuque
752 1789 774 1831 o
793 1765 937 1832 nemoris
955 1766 1070 1858 regina
1088 1766 1216 1849 sonori,

371 1883 534 1979 Calliope,
552 1909 633 1978 quas
651 1883 707 1951 ille
723 1909 858 1972 manus,
878 1909 952 1977 quae
969 1887 1113 1953 moverit
1133 1905 1226 1952 arma

371 2005 714 2098 Gradivuquuantas
730 2004 863 2099 populis
880 2003 1036 2074 solaverit
1052 2007 1169 2090 urbes,

370 2127 509 2197 Sublata
525 2127 643 2196 molire
661 2127 730 2221 lyra
748 2153 755 2194 :
773 2150 833 2196 nec
851 2129 941 2196 enim
959 2126 1058 2197 altior
1076 2129 1133 2197 ulli

368 2252 466 2318 Mens
485 2248 606 2317 hausto
621 2248 664 2316 de
681 2247 774 2317 fonte
796 2250 896 2316 venit.
914 2247 985 2318 Rex
1002 2251 1121 2336 tristis,
1138 2265 1171 2320 et
1188 2273 1277 2348 teger

367 2369 521 2439 Pondere
537 2394 709 2457 curarum,
728 2371 933 2464 propiorque
950 2371 1149 2442 abeuntibus
1167 2373 1279 2462 annis,

367 2495 461 2561 Inter
479 2492 695 2561 adhortantes
716 2494 769 2560 vix
789 2506 909 2585 sponte
929 2492 1052 2563 incedit
1071 2493 1250 2584 Adrastus,

368 2620 554 2686 Contentus
569 2614 660 2682 ferro
677 2614 767 2709 cingi
786 2611 895 2682 latus:
912 2636 1004 2684 arma
1025 2615 1163 2715 manipli

366 2738 458 2804 Pone
476 2734 590 2804 ferunt
604 2760 612 2804 τ
628 2736 783 2804 volucres
797 2738 902 2829 portis
920 2738 1036 2832 auriga
1052 2738 1113 2807 sub
1131 2740 1210 2831 ipsis

367 2858 479 2929 Comit
498 2882 618 2952 equos,
636 2859 753 2951 etjam
774 2857 853 2926 inde
868 2858 952 2953 jugo
970 2856 1116 2928 luctatur
1134 2861 1251 2929 Arion.

413 2981 500 3051 Huic
515 2992 623 3048 minat
642 2980 775 3047 Larissa
794 2978 901 3065 viros,
919 2980 997 3047 huic
1013 2978 1101 3050 celsa
1118 2984 1316 3077 Prosymne,

364 3076 484 3198 Aptior
499 3102 658 3171 armentis
678 3099 808 3184 Midea,
826 3122 1051 3195 pecorosaque
1071 3101 1226 3197 Phyllos,

364 3226 516 3319 Quaque
534 3236 634 3318 pavet
653 3221 753 3317 longa
769 3238 979 3317 spumantem
1000 3222 1085 3293 valle
1103 3225 1300 3295 Charadron
1348 3222 1353 3235 '

365 3346 478 3433 Neris,
494 3360 527 3414 et
546 3346 676 3440 ingenti
693 3346 822 3413 turritae
842 3343 930 3413 mole
947 3344 1096 3435 Cleonae,

365 3470 408 3537 Et
424 3465 716 3536 Lacedaemonium
733 3466 846 3560 Thpre
865 3465 992 3536 lectura
1011 3492 1176 3538 cruorem.

366 3591 384 3655 J
388 3602 562 3683 unguntur
578 3608 744 3689 memores
762 3588 948 3657 transmissi
967 3588 1009 3656 ab
1030 3590 1160 3685 origine
1176 3594 1279 3688 regis,

364 3708 435 3797 Qui
451 3709 602 3809 Drepani
619 3705 793 3802 scopulos,
814 3722 847 3777 et
864 3706 1022 3779 oliviferae
1039 3711 1189 3804 Sicyonis

364 3828 466 3901 Culta
485 3844 621 3917 serunt,
643 3854 729 3923 quos
750 3830 844 3925 pigra
859 3830 944 3899 vado
961 3830 1088 3927 Langia
1104 3836 1230 3904 tacenti

364 3950 514 4033 Lambit,
530 3964 564 4018 et
581 3949 732 4020 anfractu
750 3952 898 4045 riparum
919 3952 1076 4021 incurvus
1093 3953 1228 4025 Elissos.

367 4076 480 4144 Savus
493 4072 606 4140 honos
621 4048 724 4140 fluvio
742 4074 898 4166 :Stygias
915 4071 1056 4143 lustrare
1073 4078 1196 4145 severis
