2934 4950
389 368 426 436 st
707 368 922 427 unanimos
941 370 1053 427 unna
1074 372 1124 426 vi.
1317 370 1412 435 (aas.)

388 498 427 561 ln
446 482 570 561 cineres
590 518 596 559 :
618 494 743 563 instant
760 495 919 583 flammis,
937 494 1110 589 multoque
1126 511 1287 590 soporant

387 615 498 683 Imbre
519 640 657 710 rogum,
679 619 787 710 posito
807 616 913 687 donec
932 642 1009 686 cum
1030 616 1099 687 sole
1119 616 1250 688 labores

386 736 546 804 Exhausti
565 762 574 804 :
597 738 677 805 seris
696 738 750 806 vix
767 739 865 807 cessit
881 728 962 806 cura
979 738 1134 807 tenebris.

435 857 579 925 Roscida
589 856 659 950 jam
677 860 790 927 novies
805 857 890 929 coelo
907 857 1078 928 dimiserat
1092 876 1181 929 astra

385 977 537 1066 Lucifer,
555 994 589 1048 et
605 977 745 1049 totidem
762 984 867 1049 Lunae
884 996 1093 1075 praevenerat
1109 983 1201 1076 ignes

385 1102 517 1168 Mutato
535 1116 719 1170 nocturnus
735 1126 821 1195 equo
840 1128 848 1169 ε
867 1126 928 1194 nec
942 1103 1077 1171 conscia
1093 1100 1177 1171 fallit

385 1219 515 1309 Sidera,
536 1237 569 1291 et
585 1220 715 1311 alterno
732 1220 949 1315 deprenditur
965 1247 1054 1291 uuus
1070 1224 1106 1291 in
1119 1238 1197 1293 ortu
1213 1251 1220 1290 ε

384 1342 533 1435 (Mirum
548 1368 632 1437 opus
647 1339 845 1411 accelerasse
858 1341 1000 1438 manus)
1014 1358 1079 1412 stat
1093 1368 1189 1439 sauea
1203 1344 1323 1432 moles,

383 1461 557 1556 Templum
573 1464 707 1558 ingens,
723 1464 843 1549 cineri,
861 1485 1040 1557 rerumque
1054 1463 1192 1535 effectus
1209 1466 1244 1534 in
1261 1465 1319 1535 illo

383 1581 477 1653 Ordo
492 1583 588 1655 docet
602 1608 696 1654 casus
712 1611 720 1653 :
737 1584 828 1653 fessis
843 1584 897 1652 hic
910 1583 1049 1653 llumina
1062 1600 1226 1655 monstrat

383 1704 563 1798 Hypsipyle
578 1706 720 1791 Danais,
735 1706 791 1774 hic
804 1719 916 1799 reptat
927 1704 1046 1774 flebilis
1060 1706 1186 1794 infans,

383 1828 444 1895 Hic
456 1827 559 1919 jacet,
574 1842 759 1897 extremum
778 1825 896 1896 tumuli
913 1828 1039 1895 circum
1055 1842 1186 1921 asperat
1201 1829 1315 1898 orbem

382 1948 566 2039 Squameus
582 1974 589 2015 :
606 1962 773 2042 exspectes
786 1948 958 2016 morientis
971 1947 1013 2015 ab
1026 1972 1085 2017 ore
1098 1962 1238 2018 cruenta

384 2050 502 2157 Sibila,
522 2096 707 2140 marmorea
722 2072 769 2139 sic
784 2054 928 2139 volvittir
941 2073 1060 2165 anguis
1075 2074 1110 2139 in
1124 2071 1229 2142 basta.

429 2196 568 2287 Jamque
584 2191 719 2261 avidum
733 2218 862 2289 pugnas
879 2192 1004 2261 visendi
1019 2192 1138 2288 vulgus
1152 2195 1298 2263 inermes

382 2318 482 2382 Fama
495 2329 593 2382 vocat
607 2340 614 2383 :
631 2315 759 2383 cunctis
772 2315 860 2383 arvis
874 2338 913 2381 ac
926 2314 1089 2382 moenibus
1102 2313 1225 2383 adsunt

380 2436 508 2505 Exciti:
525 2433 571 2506 illi
587 2436 702 2525 etiam,
716 2436 791 2530 quis
805 2430 883 2505 belli
897 2436 1086 2530 incognitus
1099 2435 1232 2521 horror,

380 2559 475 2646 Quos
487 2557 598 2627 effoeta
611 2557 718 2646 domi,
733 2583 818 2651 quos
831 2558 940 2653 prima
955 2556 1136 2652 reliquerat
1146 2573 1243 2649 aetas,

379 2681 591 2749 Conveniunt
606 2705 614 2747 :
631 2704 698 2749 non
713 2694 770 2748 aut
785 2680 949 2773 Ephyraeo
963 2681 997 2747 in
1011 2677 1108 2750 litore
1122 2695 1215 2782 tauta

379 2803 552 2895 Unquam,
568 2815 625 2870 aut
639 2802 807 2870 OEnomai
822 2799 1028 2869 fremuerunt
1042 2803 1176 2896 agmina
1189 2805 1282 2872 circo

426 2921 576 2993 Collibus
592 2923 756 3008 incurvis,
770 2921 936 3016 viridique
950 2921 1083 2990 obsessa
1096 2946 1221 2991 corona

377 3043 482 3114 Vallis
495 3049 530 3112 in
545 3041 699 3137 amplexu
713 3067 890 3111 nemorum
903 3041 1015 3110 sedet:
1028 3041 1159 3137 hispida
1172 3045 1301 3114 circum

377 3163 474 3236 Stant
483 3165 579 3260 juga,
593 3177 626 3232 et
640 3163 789 3256 objectus
802 3165 943 3259 geminis
957 3162 1158 3233 umbonibus
1172 3189 1279 3260 agger

377 3290 541 3381 Campum
557 3286 646 3354 exire
667 3298 773 3372 vetat,
794 3282 896 3379 longo
913 3307 1012 3379 quem
1030 3285 1165 3354 tramite
1179 3283 1319 3380 planum

376 3411 564 3480 Gramineae
577 3407 726 3495 frondes,
741 3408 936 3500 sinuataque
949 3407 1072 3500 cespite
1085 3407 1163 3474 vivo

375 3529 493 3600 Mollia
508 3554 575 3612 non
591 3530 709 3598 subitis
723 3542 847 3624 augent
861 3529 992 3622 fastigia
1006 3527 1111 3597 clivis.

424 3650 497 3721 Illic
511 3627 668 3738 conferti,
679 3651 750 3743 jam
764 3649 833 3719 sole
846 3649 1044 3719 rubentibus
1057 3651 1160 3736 arna,

374 3772 531 3846 Bellatrix
545 3772 657 3842 sedere
672 3773 793 3842 cohors
809 3798 817 3840 :
833 3771 879 3840 ibi
892 3797 1033 3866 corpore
1046 3775 1150 3840 mixto

373 3897 485 3967 Metiri
500 3919 693 3983 numerum,
709 3893 902 3988 vultusque,
916 3893 1117 3988 habitusque
1130 3919 1269 3966 suorum
1274 3948 1285 3984 ,

373 4017 479 4089 Dulce
494 4017 591 4102 viris,
604 4017 755 4110 tantique
766 4017 862 4108 juvat
876 4015 1000 4085 fiducia
1014 4014 1114 4084 bettt
