2934 4950
195 473 199 482 ,
300 413 378 480 '246
619 409 834 466 rflraamos
854 408 969 463 LIBER
987 407 1054 464 ΧΠ.
1246 410 1280 474 (r.
1296 413 1367 475 445.)
1441 446 1442 485 ss

320 545 459 635 Semper
477 540 575 633 inops
594 537 701 630 requi,
716 537 787 629 jam
805 534 912 604 cede:
929 534 994 603 hoc
1013 547 1121 628 nupta
1139 549 1311 628 precatur,

320 668 392 733 Hoc
410 685 523 746 soror,
544 673 602 728 aut
621 683 724 728 saevos
744 655 862 725 mediae
882 655 1055 727 veniemus
1073 657 1109 724 in
1129 657 1271 750 ignes.»

369 785 435 854 vix
451 807 510 870 ea,
528 805 633 876 quum
650 779 781 850 subitus
796 803 932 872 campos
949 792 1087 865 tremor,
1106 775 1241 872 altaque
1256 794 1347 850 tecta
1441 866 1442 889 3

320 903 478 1001 Impulit,
495 903 691 998 adjuvitque
707 903 780 997 rogi
800 900 963 970 discordis
981 900 1111 992 hiatus,

321 1032 366 1098 Et
385 1024 525 1122 vigilum
543 1025 680 1096 turbata
696 1026 808 1117 quies,
826 1023 948 1117 quibus
966 1023 1037 1119 ipse
1054 1021 1221 1094 malorum

322 1149 484 1244 Fingebat
502 1145 680 1217 simulacra
697 1170 799 1239 sopor
818 1148 911 1215 :ruit
929 1142 1038 1232 ilicet,
1057 1170 1192 1217 omnem

322 1273 539 1365 prospectum
557 1266 704 1368 lustrans
723 1281 852 1338 armata
874 1267 1032 1363 indagine
1040 1266 1151 1338 miles.

206 1380 211 1389 ⁵
323 1393 401 1463 lllos
423 1395 583 1464 instantes
602 1392 713 1462 senior
729 1392 825 1460 timet
840 1415 929 1463 unus
945 1417 953 1458 ε
970 1406 1006 1463 at
1022 1392 1101 1485 ipsae

323 1524 408 1586 Ante
429 1539 567 1610 rogum,
586 1515 731 1608 serique
749 1511 859 1607 palam
875 1515 1039 1608 sprevisse
1060 1515 1217 1584 Creontis

322 1637 482 1733 Imperia,
500 1651 534 1706 et
548 1635 679 1706 sur-tum
698 1633 790 1706 claro
809 1634 972 1731 plangore
991 1635 1139 1706 fatentur

322 1763 473 1848 Securae,
489 1760 615 1853 quippe
634 1781 734 1830 omne
754 1754 869 1828 vident
886 1757 1021 1830 fluxisse
1037 1757 1190 1829 cadaver.
1254 1826 1258 1832 .

322 1881 516 1976 Ambigitur
535 1903 620 1950 saeva
639 1878 681 1950 de
700 1895 827 1968 morte,
844 1881 1062 1975 animosaque
1076 1880 1134 1952 leti

323 2007 406 2097 Spes
426 2001 508 2072 furit
523 2027 531 2069 ε
552 2000 624 2070 hac
643 1999 756 2072 fratris
777 2002 949 2096 rapuisse,
964 2002 1036 2076 hec
1054 2005 1209 2100 conjugis
1224 2021 1319 2076 artua

322 2122 554 2211 Contendunt,
565 2123 761 2217 vicibusque
774 2124 937 2218 probant:
950 2149 1014 2220 ego
1026 2151 1166 2219 eorpus,
1178 2151 1245 2222 ego
1258 2129 1363 2222 ignes:

322 2249 378 2315 Me
395 2246 519 2340 pietas,
540 2268 594 2314 mo
611 2243 707 2314 duxit
722 2269 816 2314 amor
832 2270 840 2313 :
858 2245 1039 2340 deposcere
1058 2271 1143 2318 saeva

322 2366 511 2462 Supplicia,
530 2381 564 2436 et
581 2365 713 2436 dextras
727 2367 826 2459 juvat
845 2368 1008 2438 insertare
1028 2361 1166 2472 catenis.

321 2492 497 2583 Nusquam
520 2488 577 2558 illa
595 2487 731 2561 alternis
750 2489 851 2561 modo
870 2516 946 2585 quar
962 2465 1153 2566 reverentia
1169 2495 1299 2581 verbim

321 2615 431 2699 Iram,
448 2610 630 2706 odiumque
646 2626 767 2706 putea:
787 2627 901 2687 tantus
918 2612 1089 2688 discordat
1104 2617 1279 2711 utrimque

322 2730 473 2805 Clamor!
491 2734 586 2805 etad
606 2760 739 2830 regem,
758 2737 817 2829 qui
834 2735 1060 2831 deprendere,
1081 2739 1274 2811 trahuntur.

371 2860 415 2926 At
436 2854 556 2950 procul
574 2858 693 2929 Actaeis
712 2855 831 2929 dextra
847 2860 917 2952 jam
938 2858 1074 2931 Pallade
1095 2864 1204 2933 muris

321 2982 409 3047 luno
428 2977 620 3048 Phoroneas
638 2979 766 3051 inducit
785 2983 910 3075 praevia
928 2998 1052 3055 matres

322 3101 510 3185 Attonitas,
531 3124 599 3169 non
622 3103 694 3196 ipsa
712 3103 843 3191 minus,
858 3119 1052 3202 ‚cretumque
1074 3124 1263 3202 gementem

322 3219 490 3291 Conciliat
506 3219 658 3315 populis,
676 3237 711 3292 et
725 3223 884 3297 flentibus
902 3225 997 3297 addit
1012 3227 1188 3300 honorem.

321 3343 397 3436 Ipsa
418 3368 518 3413 manu
541 3368 718 3439 ramosque
733 3344 835 3436 olen,
855 3348 1021 3443 vittasque
1040 3369 1216 3445 precantes

321 3462 460 3552 Tradit,
477 3479 511 3535 et
527 3466 664 3536 obtenta
683 3466 882 3539 submittere
900 3469 1027 3543 lumina
1047 3472 1153 3569 palla,

322 3588 367 3653 Et
385 3584 542 3680 preferre
563 3587 660 3659 docet
678 3580 803 3660 xvacuas
822 3593 894 3662 sine
911 3594 1066 3665 manibus
1084 3620 1197 3667 urnas.

323 3706 444 3775 Omnis
461 3720 495 3775 et
514 3710 634 3778 Acteis
651 3710 755 3781 effusa
776 3713 952 3806 penatibus
970 3729 1048 3785 aetas

291 3926 293 3929 Ι
321 3828 422 3897 Tecta
438 3808 574 3923 viasque
590 3830 745 3926 replent:
762 3833 851 3904 unde
868 3834 933 3905 hoc
950 3840 1111 3922 examen?
1125 3856 1161 3910 et
1178 3868 1246 3914 uua

322 3952 387 4018 Tot
405 3951 556 4021 miserae?
575 3977 635 4022 nec
655 3954 737 4025 dum
757 3980 873 4027 causas
893 3982 1016 4029 novere
1034 3959 1221 4052 malorum,

319 4074 460 4165 Jamque
480 4090 626 4167 gemunt.
647 4078 720 4146 Dea
739 4078 888 4150 conciliis
904 4107 939 4151 sc
958 4085 1076 4153 miscet
1094 4088 1246 4181 utrisque
