2934 4950
624 457 841 514 TREBnmos
862 455 977 513 LIBER
997 455 1049 512 xl
1252 462 1289 527 <u
1306 463 1376 526 xes.)

323 595 408 682 Quae
424 589 493 678 via,
512 589 629 682 quisve
646 583 756 675 dolor,
772 611 835 656 cur
850 601 966 656 mmtn
987 587 1154 683 insignia?
1171 603 1305 660 tentum

322 718 348 784 F
350 711 492 802 levernt3
513 729 614 809 utque
631 735 734 782 manu
754 707 890 779 timidos
905 723 1072 779 avenant
1088 711 1193 806 ignes.

323 837 394 905 Scit
408 847 554 906 mentem
575 833 698 906 vidisse
714 832 830 904 nefus:
851 833 977 903 etenim
996 831 1088 904 unde
1101 835 1252 930 Mycenis

323 957 468 1045 Afforet‚
485 971 520 1028 et
534 955 661 1028 vellum
677 956 801 1050 conjnx
819 957 957 1050 inopina
973 955 1126 1025 subiret?

324 1079 389 1149 sed
406 1079 465 1150 fati
481 1081 643 1169 monitus,
660 1080 837 1174 vicinaque
851 1079 970 1149 funera
984 1077 1103 1165 sentit,

322 1205 371 1273 Ac
385 1204 510 1274 sentire
525 1203 643 1272 timet:
664 1225 770 1296 quum
786 1225 867 1270 vero
885 1200 1085 1272 Acherontis
1104 1203 1213 1296 operti

323 1326 410 1395 Diva
427 1338 479 1396 ter
493 1323 629 1394 admeto
647 1324 756 1418 tetigit
774 1323 911 1394 thorace
929 1320 1077 1418 flagello,

323 1445 429 1518 Ardet
442 1448 539 1542 inops
552 1447 674 1534 animi,
689 1469 754 1515 nec
769 1460 837 1515 tam
853 1445 1029 1516 considere
1043 1469 1172 1542 regno,

323 1571 437 1660 Quam
449 1566 571 1658 seclus,
586 1581 619 1637 et
631 1565 772 1656 cedem,
782 1582 817 1636 et
830 1566 970 1662 perfossi
986 1568 1194 1663 insanguine
1203 1566 1313 1637 fratris

222 1747 226 1756 .
323 1691 503 1786 Exspirare
522 1691 631 1784 cupit,
650 1688 847 1783 subitusque
863 1687 988 1758 affatur
1006 1687 1208 1759 Adrastum:

374 1842 392 1877 c
406 1814 488 1882 Sera
505 1810 658 1906 quidem,
673 1825 842 1880 extremus
861 1811 1195 1906 socium,gentisque
1207 1825 1369 1906 superstes

325 1931 506 2029 Argolicae‚
525 1931 697 2019 consulis,
716 1945 825 2026 peter,
841 1932 913 2026 jum
932 1932 1034 2002 rebus
1054 1934 1090 2002 in
1108 1934 1209 2002 nrctis

324 2053 530 2151 Aggredior:
543 2068 626 2124 tune
634 2069 765 2148 tempus
775 2069 863 2142 eret,
877 2078 982 2148 quum
992 2056 1128 2152 sanguis
1137 2056 1302 2126 Achivum

324 2181 471 2272 Integer,
490 2179 539 2246 ire
558 2175 664 2262 ultro,
682 2177 892 2278 primamque
909 2199 1082 2271 capessere
1099 2199 1264 2272 pugnum,

325 2302 403 2371 Non
422 2299 529 2394 plebis
548 2297 665 2368 dannae
682 2297 815 2384 florem,
837 2321 1021 2394 regumque
1039 2297 1200 2370 verendas

327 2422 506 2517 Obiectare
525 2420 668 2511 animus,
685 2435 723 2490 ut
741 2418 957 2491 lamentabile
974 2422 1079 2491 tantis

324 2546 474 2619 Urbibus
490 2542 663 2615 induerem
680 2545 781 2640 capiti
799 2542 921 2614 decus:
941 2566 1059 2641 aspere
1075 2544 1213 2641 qnando

324 2671 487 2766 Praecepit
505 2671 630 2760 virtus;
648 2694 739 2741 nunc
756 2666 874 2739 saltem
893 2661 1064 2741 exsolvere
1081 2671 1129 2741 sas
1146 2673 1206 2759 sit,

325 2794 411 2882 Quae
431 2794 565 2862 merui:
584 2794 648 2863 scis
667 2816 833 2893 namque,
851 2814 955 2880 socer,
972 2790 1049 2861 licet
1066 2790 1135 2863 elta
1151 2794 1310 2863 recondas

325 2912 494 3002 Vulnera,
516 2928 549 2985 et
568 2912 730 2985 alilictum
750 2914 864 3010 generi
884 2935 1021 2984 vereare
1036 2914 1228 3010 pudorem:

325 3035 386 3106 Ille
400 3062 463 3131 ego
474 3061 568 3122 sum,
585 3038 643 3130 qui
658 3050 692 3104 te
707 3058 824 3130 pacem
837 3049 871 3105 et
882 3036 938 3130 pie
950 3036 1029 3129 jura
1040 3052 1213 3133 regentem

325 3155 444 3227 Infelix
464 3155 682 3252 (unnnmque
702 3154 776 3227 aliis
796 3155 894 3226 datus
911 3156 1052 3227 urbibus
1067 3157 1217 3254 hospes)

324 3282 501 3351 Exterrem
521 3280 648 3374 petrin,
668 3302 867 3373 regnoque:
886 3277 945 3348 sed
964 3280 1060 3375 exige
1077 3280 1211 3353 tandem

326 3399 522 3497 Supplicia:
544 3382 680 3472 fratrem
699 3424 855 3496 supreme
876 3403 911 3470 iu
930 3400 1018 3471 bella
1037 3402 1143 3499 (qnid
1162 3403 1305 3473 borres?

324 3526 505 3593 Decretum
523 3537 594 3609 est,
614 3521 808 3619 fixumque)
825 3546 909 3593 voco
925 3548 934 3592 ε
953 3523 1074 3594 desiste
1091 3526 1239 3595 morari:

325 3646 397 3715 Nec
413 3646 539 3740 poteris
554 3671 563 3714 :
581 3668 649 3715 non
668 3646 783 3715 sistra
801 3669 937 3741 parens,
953 3648 1150 3742 misereque
1167 3672 1295 3717 sorores

323 3768 363 3835 Iu
384 3766 492 3837 media
513 3792 608 3837 erma
625 3766 768 3837 cudent:
788 3792 858 3837 nnn
877 3768 905 3837 si
926 3768 997 3864 ipse
1014 3767 1057 3837 ad
1074 3757 1163 3839 bella
1183 3770 1292 3840 ruenti

325 3888 463 3979 Obstet,
482 3904 517 3959 et
536 3890 836 3987 exstinctosgaleae
852 3905 950 3986 puter
967 3892 1098 3987 ingerat
1116 3892 1231 3979 nrbes,

322 4009 486 4081 Delicium
504 4038 511 4080 :
537 4036 624 4082 enne
641 4011 755 4085 bibam
773 4027 923 4109 superest
938 4012 1164 4109 quodcunque
1180 4014 1305 4085 cruoris

322 4131 477 4202 Inachii?
495 4146 530 4203 et
547 4136 663 4205 vestris
681 4135 867 4207 etiamnum
887 4137 1052 4207 mortibus
1068 4136 1169 4207 utar?
