2934 4950
330 488 386 548 ala
631 473 847 531 THEBAIDOS
870 471 984 528 Ltuuu
1007 471 1060 524 111.
1264 461 1370 524 (ests.)

328 604 578 677 Thessandrum
598 601 756 698 portabat
773 624 836 669 avo
852 600 922 694 jam
943 609 1041 664 nocte
1059 617 1216 690 suprema

329 734 418 800 Ante
434 750 540 797 novos
559 737 669 808 ortus,
692 723 751 791 uhi
768 720 838 790 sola
858 719 1038 813 superstite
1056 714 1208 811 plaustro

330 856 452 920 Arctos
474 848 517 919 ad
538 850 712 916 Oceanum
730 842 938 939 fugientibus
957 836 1088 909 invidet
1105 836 1214 906 astris.

378 977 493 1066 thue
510 969 597 1039 fores
617 968 707 1054 iniit,
727 987 918 1061 magnoque
936 961 1044 1032 effusa
1059 961 1192 1056 parenti
1209 973 1280 1028 est:

330 1125 347 1159 a
360 1097 431 1164 Cur
447 1107 505 1162 tua
523 1114 599 1159 cum
618 1087 772 1183 lacrymis
791 1099 908 1155 moesto
927 1085 1000 1154 sine
1017 1084 1161 1178 conjuge
1178 1078 1319 1176 supplex

330 1213 465 1285 Limina
482 1226 583 1281 nocte
602 1225 734 1306 petam,
753 1232 879 1278 cessem
896 1206 977 1278 licet
994 1207 1066 1302 ipsa
1087 1202 1231 1301 profari,

333 1337 405 1406 Scis
420 1334 580 1430 genitor:
602 1330 662 1402 sed
677 1332 755 1426 jura
773 1334 886 1401 Deum
907 1326 1065 1425 genitalia
1081 1339 1203 1413 testor,

331 1461 448 1552 Teque
465 1471 573 1553 pater,
592 1481 661 1524 non
679 1452 736 1522 ille
749 1453 864 1547 jubet;
885 1450 945 1520 sed
965 1447 1107 1547 pervigil
1127 1472 1247 1544 angor,

333 1584 382 1650 Ex
400 1605 469 1674 quo
486 1580 615 1673 primus
633 1581 783 1671 Hymen,
800 1575 974 1670 movitque
992 1573 1138 1643 infausta
1155 1572 1325 1640 sinistram

332 1704 421 1771 Juno
437 1699 560 1788 lacem,
578 1723 711 1794 semper
728 1697 884 1792 lacrymis
903 1698 1099 1793 gemituque
1122 1694 1316 1790 propinquo

332 1821 521 1892 Eaturhata
537 1821 632 1915 quies
652 1845 746 1889 :non
768 1821 795 1888 si
817 1820 900 1889 mihi
917 1818 1048 1914 tigridis
1064 1819 1202 1905 horror,

334 1945 577 2036 AEquoreaeque
595 1965 697 2036 super
713 1942 845 2035 rigeant
863 1939 1048 2035 praecordia
1065 1954 1194 2028 cautes,

334 2066 435 2132 Ferre
454 2087 573 2156 queam
594 2089 601 2130 ε
620 2076 659 2131 tu
679 2060 768 2131 solus
787 2085 908 2158 opem,
925 2076 963 2130 tu
982 2085 1114 2130 summa
1131 2058 1289 2130 medendi

334 2187 417 2252 Jura
434 2198 553 2252 tenes:
570 2182 611 2252 da
628 2181 733 2272 bella,
754 2198 866 2277 pater;
885 2185 1069 2279 generique
1085 2183 1228 2276 jacentis

334 2304 477 2399 Adspice
494 2328 546 2373 res
565 2303 725 2392 humiles,
741 2317 842 2399 atque
857 2305 962 2396 hanc,
978 2321 1087 2402 pater,
1103 2304 1238 2402 adspice
1256 2303 1381 2398 prolem

335 2426 488 2515 Exsulis;
507 2426 588 2499 huic
607 2426 689 2498 olim
706 2429 839 2523 generis
860 2430 979 2527 pudor.
999 2435 1031 2502 O
1052 2429 1109 2499 ubi
1128 2431 1236 2525 prima

336 2549 508 2645 Hospitio,
526 2564 559 2621 et
573 2550 700 2644 junctae
719 2568 840 2622 testato
861 2554 1001 2623 numine
1018 2549 1161 2622 dextrae!

385 2702 402 2736 «
412 2673 475 2740 Hic
487 2685 576 2741 certe
589 2668 656 2763 est,
674 2698 777 2768 quem
788 2676 869 2744 Fata
882 2674 1027 2763 dabant,
1043 2697 1143 2769 quem
1153 2674 1239 2745 dixit
1251 2674 1379 2770 Apollo.

336 2796 414 2865 Non
431 2811 567 2894 egomet
582 2797 701 2866 tacitos
718 2798 861 2865 Veneris
877 2796 987 2866 furata
1006 2795 1149 2883 calores,

336 2908 558 3012 Culpatamve
573 2918 694 3006 lacem,
709 2933 769 2986 tua
782 2918 875 3011 jussa
891 2918 1055 3006 verenda,
1073 2934 1215 3013 tuosque

335 3036 447 3107 Dilexi
468 3040 641 3108 monitus:
659 3062 751 3107 nunc
770 3064 837 3133 qua
853 3038 985 3109 feritate
1002 3038 1147 3109 dolentis

335 3160 528 3253 Despiciam
544 3158 706 3253 questus?
724 3162 849 3249 nescis,
867 3176 963 3256 pater
978 3163 1122 3258 optime,
1140 3166 1264 3255 nescis,

335 3280 492 3369 Quantus
509 3304 605 3350 amor
621 3306 728 3351 causae
749 3284 871 3352 misero
891 3284 1045 3377 nupsisse
1062 3287 1194 3355 marito.

335 3404 381 3469 Et
401 3426 492 3470 nunc
508 3416 625 3471 moesta
643 3400 782 3497 quidem
798 3428 897 3499 grave
917 3420 951 3473 et
969 3403 1137 3477 illaetabile
1153 3430 1278 3477 munus

335 3524 384 3591 Ut
397 3522 554 3607 timeam,
568 3519 783 3617 doleamquc,
801 3550 884 3621 rogo
903 3551 911 3595 :
926 3526 985 3595 sed
1002 3550 1108 3621 quum
1120 3527 1233 3597 oscula
1248 3544 1378 3624 rumpet

334 3642 455 3709 Moesta
474 3641 561 3729 dies,
581 3668 687 3737 quum
706 3670 808 3715 rauca
825 3645 955 3717 dabunt
975 3648 1176 3719 abeuntibus
1195 3651 1298 3721 armis

334 3761 436 3857 Signa
457 3763 562 3854 tuhae,
579 3790 733 3860 saevoque
750 3792 851 3863 genas
867 3769 1036 3865 fulgebitis
1056 3796 1160 3860 auro,

333 3883 396 3951 Hei
414 3881 516 3953 mihil
538 3910 614 3955 care
632 3912 773 3981 parens,
792 3892 916 3961 iterum
937 3891 1076 3962 sortasse
1093 3894 1231 3989 rogabo.
1244 3924 1261 3959 s

381 4001 476 4074 lllius
494 4006 646 4083 humenti
664 4033 804 4104 carpens
824 4027 919 4105 pater
939 4011 1052 4082 oscula
1073 4014 1188 4103 vultu,

334 4126 445 4195 «Non
465 4128 620 4221 equidem
640 4131 700 4200 has
719 4157 868 4225 uuquam
887 4132 1165 4229 culparirq,.nata
1176 4188 1187 4227 ,
1206 4136 1373 4231 querelas:
