2934 4950
367 490 404 543 72
689 470 901 527 THEBAIDOS
922 470 1034 527 LIBER
1049 472 1098 526 vt
1300 471 1405 535 (alst.)

365 601 456 668 Ausa
470 596 561 667 venit
578 623 586 666 ε
603 596 688 677 ruit,
704 598 914 665 llaemonium
931 595 1011 665 dum
1028 594 1174 665 fervidus
1190 597 1291 664 instat

369 718 549 789 Admetum
565 742 740 811 superare,
758 718 885 805 Thoas3
901 742 963 785 nec
978 714 1125 812 praetulit
1140 715 1243 785 ullam

368 842 484 909 Frater
505 864 604 935 opem
624 865 632 907 ε
655 838 737 909 velit
756 838 812 935 ille
830 838 981 931 quidem3
1002 836 1058 906 sed
1075 839 1217 907 lllartius
1237 852 1317 907 ante
1393 832 1397 839 ¹

369 960 508 1029 Obstitit
527 960 780 1056 Hippodamus,
800 958 993 1053 mediasque
1012 959 1148 1027 immisit
1170 958 1325 1028 habenas.

369 1084 450 1151 Mox
467 1082 624 1151 Chromis
642 1080 895 1175 Hippodamum
911 1094 1009 1148 metae
1026 1071 1194 1149 interioris
1213 1078 1255 1147 ad
1273 1079 1385 1148 orbem

367 1204 504 1273 Viribus
524 1201 695 1272 Herculeis
715 1217 748 1271 et
769 1216 841 1271 toto
861 1202 982 1271 robore
1001 1204 1104 1297 patris

367 1330 440 1394 Axe
461 1339 550 1393 tenet
570 1348 716 1417 prenso:
736 1322 908 1393 luctantur
929 1323 1021 1393 abire
1037 1322 1166 1419 jugales

366 1448 613 1539 Nequicquam,
631 1444 809 1539 frenosque
823 1459 859 1513 et
873 1442 960 1514 colla
975 1445 1120 1539 rigentia
1135 1444 1292 1514 tendunt.

366 1568 414 1635 Ut
431 1566 558 1637 Siculas
577 1567 604 1635 si
623 1565 760 1660 quando
776 1580 864 1635 rates
880 1559 972 1635 tenet
988 1580 1104 1650 aeuus,
1120 1580 1154 1635 ct
1171 1566 1311 1661 ingens

366 1690 488 1757 Auster
504 1689 591 1782 agit,
610 1686 722 1756 medio
743 1701 833 1755 stant
851 1684 927 1756 vela
944 1687 1105 1756 tumentia
1121 1701 1238 1781 ponto.

413 1810 508 1879 Tunc
524 1809 632 1902 ipsum
650 1806 758 1876 stacto
773 1832 876 1876 curru
893 1806 1065 1895 deturhat,
1081 1820 1116 1875 et
1131 1808 1212 1876 isset

367 1933 453 2000 Ante
473 1928 651 2013 Chromis;
671 1927 726 1997 sed
745 1928 891 1996 Thraces
910 1929 987 2022 equi
1008 1940 1046 1996 ut
1064 1927 1179 1997 videre
1195 1928 1361 2021 jacentem

366 2047 638 2143 Hippodamum,
658 2046 746 2117 redit
765 2046 823 2117 illa
844 2048 968 2138 fames,
987 2050 1190 2144 jamjamque
1212 2058 1400 2120 trementem

366 2170 485 2241 Partiti
501 2168 610 2257 furiis3
627 2170 662 2236 ni
678 2167 789 2253 frena,
805 2169 960 2263 ipsosque
977 2168 1171 2258 frementes,

367 2288 503 2359 Oblitus
519 2288 652 2385 palmae,
670 2259 762 2358 retro
778 2291 972 2384 Tirynthius
987 2290 1085 2359 heroe

368 2413 547 2498 Torsissct,
565 2412 740 2506 uictusque
758 2425 790 2481 et
809 2410 1018 2481 collaudatus
1038 2412 1167 2482 abisset.

417 2536 461 2603 At
483 2532 543 2601 tibi
564 2535 746 2626 promissos
762 2532 960 2626 jamdudum
980 2533 1125 2602 Phoebus
1142 2533 1309 2621 honores,

368 2654 590 2749 Amphiarae,
611 2654 714 2748 cupit.
736 2653 887 2724 Tandem
907 2669 998 2724 ratus
1019 2670 1097 2751 apta
1117 2655 1224 2724 favori

368 2780 553 2870 Tempora,
572 2771 722 2869 pulverei
742 2777 886 2844 venitin
905 2777 1012 2870 spatia
1029 2775 1166 2846 horrida
1182 2778 1284 2865 circi,
1326 2775 1329 2780 ’

366 2900 483 2987 Quum
498 2897 620 2989 jamin
638 2897 704 2965 line
723 2897 802 2984 viae,
820 2911 854 2965 et
869 2921 1038 2966 summum
1056 2899 1193 2967 victoria
1212 2914 1337 2970 nutat:

368 3019 612 3113 Anguicomam
629 3019 770 3086 monstri
787 3017 932 3113 effigiem
950 3020 1126 3136 saeuissime
1142 3021 1218 3089 visu

368 3142 438 3208 Ora
455 3153 584 3222 movet3
604 3139 672 3206 sive
689 3136 746 3207 illc
762 3139 889 3225 Erebo,
906 3138 964 3209 seu
982 3140 1079 3209 linxit
1096 3142 1131 3209 in
1147 3157 1223 3210 astu

367 3261 559 3354 Temporis,
580 3261 755 3330 innumera
774 3275 863 3330 certe
882 3261 1061 3332 formidine
1079 3259 1219 3333 cultum'

367 3377 470 3450 Tollit
487 3381 522 3449 in
542 3395 631 3449 astra
648 3377 741 3449 nefas
758 3407 766 3448 ε
786 3407 854 3451 nou
871 3380 955 3452 illud
968 3383 1097 3476 janitor
1115 3399 1194 3454 atrae

369 3501 562 3596 impavidus
578 3501 716 3586 Lethes,
736 3527 803 3571 non
821 3503 899 3597 ipsae
916 3503 1057 3574 horrore
1073 3506 1144 3575 sine
1162 3504 1233 3576 alto

369 3621 572 3691 Eumenides
592 3621 712 3692 vidisse
731 3639 855 3718 queant
876 3648 884 3692 :
905 3625 1071 3696 turbasset
1090 3642 1207 3696 euntes
1298 3709 1302 3714 ,

370 3741 454 3812 Solis
475 3767 595 3838 equos,
616 3745 803 3838 Martisque
818 3746 939 3840 'jugum
959 3772 968 3812 ε
988 3771 1066 3816 nam
1086 3747 1191 3818 flavus
1213 3751 1318 3820 Arion

370 3865 419 3932 Ut
435 3862 536 3951 vidit,
555 3861 671 3933 saliere
685 3865 793 3960 jubae,
814 3881 914 3960 atque
933 3883 1062 3939 erectus
1080 3870 1114 3938 in
1132 3894 1243 3939 armos

370 3988 462 4072 Stat,
483 3985 674 4078 sociumque
693 3986 784 4081 jugi,
803 3989 1006 4082 comitesque
1027 3993 1196 4084 utrimque
1219 3989 1340 4061 laboris

318 4150 326 4162 „
370 4109 488 4175 Secum
511 4104 575 4174 alte
597 4107 771 4201 suspendit
790 4133 903 4200 equos.
927 4111 1007 4179 Ruit
1030 4110 1119 4180 ilicet
1138 4111 1230 4181 exsul
