2934 4950
86 450 122 510 (r.
143 451 212 514 175.)
402 451 616 511 'semaluos
638 444 750 508 UBER
771 451 822 509 xl.
1085 481 1138 518 an

85 583 167 656 Vidi
187 595 320 678 egomet
340 592 479 676 propter
498 589 617 676 ruptos
636 581 765 654 telluris
786 559 917 676 hiatus,

86 707 162 776 Nec
183 703 270 774 subii
290 729 298 772 :
318 701 388 773 vidi
406 695 616 793 exanimum,
634 703 765 801 fecique
784 723 961 779 nocentem

85 825 200 921 Tydea
217 851 226 895 r
243 849 297 895 me
315 823 425 922 Tegee
444 843 559 922 regem
580 825 742 899 indefessa
761 832 925 926 reposcit,

86 948 250 1042 Orbaque
265 946 451 1018 Parrhasiis
469 946 579 1044 ululat
594 949 677 1020 mibi
698 965 806 1022 mater
824 955 860 1022 in
877 953 992 1024 antris.
1069 993 1071 997 ·

83 1077 163 1166 lpse
178 1097 241 1141 nec
254 1073 379 1142 Ismeni
398 1072 504 1167 ripas,
523 1072 603 1144 dum
622 1089 741 1171 stagna
758 1091 912 1147 cruentat

85 1193 343 1292 Hippomedon,
360 1196 477 1290 Tyrias
496 1197 592 1293 potui
612 1209 674 1268 nee
691 1197 852 1269 scandere
866 1214 994 1289 turres,

85 1321 181 1388 Dum
198 1332 310 1406 tonat,
327 1331 364 1388 et
380 1333 509 1404 temam,
525 1322 701 1415 Capaneu,
720 1321 861 1392 miscere
879 1323 1034 1395 furores?

80 1443 171 1534 Quis
191 1455 303 1512 tantus
322 1465 385 1537 pro
402 1440 477 1512 luce
494 1441 615 1513 timori
634 1442 693 1513 sed
712 1443 815 1540 digm
832 1445 1026 1541 rependam.

81 1568 297 1637 Conveniant
313 1565 504 1662 ubicunque
521 1587 641 1657 nurus,
659 1572 849 1664 matresque
865 1568 1031 1666 Pelasga,

80 1689 312 1783 longaevique
329 1703 458 1785 patres,
476 1711 623 1785 quorum
640 1703 691 1761 tot
710 1690 833 1786 gaudia
851 1695 978 1788 carpsi,

80 1812 281 1906 Orbavique
298 1811 416 1882 domos
431 1839 449 1883 t·
461 1811 557 1883 fratri
573 1821 739 1883 concurro
755 1841 764 1884 t
785 1815 867 1909 quid
885 1808 974 1885 ultra
989 1817 1065 1888 cst?

79 1940 258 2034 spectent,
277 1946 310 2008 et
326 1939 415 2008 votis
431 1923 593 2008 victorem
612 1936 768 2009 Eteoclea
785 1954 936 2034 poseant.

78 2064 226 2155 Jamque
245 2057 333 2150 vale,
352 2059 490 2154 conjux,
511 2057 692 2155 dulcesque
710 2059 820 2132 valete
838 2062 997 2158 Mycena.

81 2186 129 2254 At
150 2196 204 2268 tu,
225 2206 301 2252 care
317 2197 413 2252 socer
429 2181 512 2276 (nec
531 2183 621 2252 enim
636 2183 746 2253 omnis
763 2181 864 2278 culpa
883 2183 1048 2255 malorum

79 2307 140 2373 Me
157 2327 278 2398 pcnes3
298 2318 333 2373 et
349 2301 469 2399 Superi
485 2323 632 2394 meeum,
652 2305 830 2398 Parcasque
846 2304 1045 2401 nocentes),

81 2426 138 2497 Sis
154 2422 238 2496 lenis
254 2425 376 2514 cineri,
393 2449 515 2521 meque
531 2425 602 2497 haec
614 2435 689 2521 post
707 2422 825 2521 proelia
842 2441 977 2522 raptum

80 2546 249 2636 Alitibus,
267 2548 431 2643 fratrique
447 2562 556 2644 tegas,
575 2571 728 2643 urnaque
747 2562 907 2645 reportes.

82 2676 160 2742 Hoc
178 2686 325 2759 tantum,
342 2678 376 2741 et
393 2687 479 2742 natae
493 2669 618 2741 melius
630 2670 800 2742 connubia
814 2671 946 2766 jungas.
959 2699 977 2735 a

131 2794 234 2865 Ibant
251 2796 286 2864 in
306 2792 489 2890 lacrymam
510 2788 612 2865 veluti
632 2808 738 2890 quum
757 2797 834 2864 ve're
852 2803 987 2865 reverso

80 2917 241 2988 Bistoniae
257 2930 392 3014 tepuere
408 2919 516 3006 nives,
536 2916 746 2987 submittitur
763 2911 880 3011 ingens

81 3044 238 3128 Haemus,
251 3054 286 3110 et
299 3052 457 3135 angustos
469 3038 635 3135 Rhodope
649 3036 819 3109 descendit
831 3040 865 3108 in
875 3064 999 3108 amnes.

82 3168 243 3259 Cesperat
260 3176 293 3232 et
310 3160 378 3233 leni
399 3165 512 3233 senior
522 3160 669 3233 mulcere
685 3158 851 3232 furentem

80 3283 243 3381 Alloquio
263 3312 272 3355 :
292 3286 389 3357 scidit
406 3310 481 3356 orsa
500 3310 589 3357 novo
608 3298 736 3355 terrore
753 3293 894 3355 cruenta

80 3409 258 3497 Eumenis,
277 3404 504 3504 alipedemque
521 3406 643 3495 citum,
662 3400 842 3501 fataliaque
858 3429 969 3491 arma,

79 3532 241 3603 Protinus
261 3516 389 3601 Inachii
409 3528 519 3601 vultus
538 3543 692 3625 expressa
711 3527 863 3599 Perinthi

82 3650 236 3743 Obtulit,
252 3678 292 3723 ac
307 3652 391 3723 fidas
406 3650 548 3724 exclusit
561 3648 687 3722 casside
707 3674 815 3721 voces.

80 3782 130 3849 Ac
142 3800 244 3872 super
253 3776 342 3847 heo:
355 3776 552 3873 «Abrumpe
562 3799 672 3845 moras
684 3797 692 3843 ε
706 3769 904 3857 celeremus,
915 3784 949 3842 et
959 3761 1054 3840 illum

80 3898 274 3970 Adventare
288 3894 402 3969 lerunt
415 3897 559 3993 portis.»
578 3898 634 3970 Sic
648 3897 762 3965 omnia
774 3894 872 3982 vicit,

76 4022 350 4117 Correptumque
368 4016 481 4116 injecit
497 4046 607 4116 equo:
629 4012 717 4089 uolat
735 4036 869 4113 ae'quore
884 4013 1000 4112 aperio

80 4139 249 4234 Pallidus,
268 4136 516 4239 instantemque
532 4144 612 4213 Deae
629 4138 857 4237 circumspicit
871 4135 1035 4209 umbram.

949 4258 1001 4343 14.
