2934 4950
384 471 441 534 38,
698 467 915 525 multamus
938 467 1047 524 LIBER
1069 469 1103 522 v.
1311 467 1408 530 (vass.)

381 598 530 692 Excipit,
549 611 583 667 et
601 595 726 667 laceros
746 597 867 690 premit
885 595 920 663 in
940 618 1026 664 nova
1045 590 1183 662 vulnera
1200 593 1316 662 crines.

430 721 506 788 «Ut
525 743 605 788 vero
620 717 812 788 Alcimeden
829 717 1011 786 etiamnum
1030 715 1065 784 in
1084 739 1255 786 murmure
1272 729 1396 784 truncos

382 843 482 908 Ferre
499 840 602 934 patris
620 838 749 924 vultus,
766 853 800 908 et
816 853 967 934 egentem
985 838 1155 932 sanguinis
1172 861 1283 906 ensem

383 961 569 1054 Conspexi,
588 962 719 1055 riguere
734 985 856 1047 come,
874 975 974 1054 atque
992 962 1028 1030 in
1046 962 1172 1029 viscera
1190 983 1297 1028 saevm

383 1083 513 1150 Horror
530 1081 569 1149 iit
586 1107 596 1150 ε
615 1105 708 1151 meus
724 1081 780 1151 ille
797 1081 927 1171 Thoas,
945 1106 1019 1152 mea
1037 1080 1111 1150 dira
1127 1079 1232 1150 videri

382 1206 509 1273 Dextra
526 1201 609 1270 mibi
626 1227 636 1270 z
656 1202 820 1297 extemplo
839 1201 992 1272 thalamis
1011 1203 1143 1272 turbata
1160 1205 1305 1297 paternis

382 1324 513 1395 Inferor
532 1350 540 1393 :
562 1321 618 1393 ille
634 1322 769 1418 quidem
786 1323 915 1394 dudum
932 1323 1030 1420 (quis
1047 1347 1168 1419 magna
1189 1325 1295 1393 tuenti

382 1445 573 1543 Somnusi)
589 1447 661 1542 agit
676 1471 812 1516 vsa-sans
829 1451 958 1532 secum,
973 1446 1037 1514 etsi
1056 1443 1122 1514 lata
1140 1447 1276 1514 recessit

383 1569 476 1637 Urbe
492 1567 629 1663 domus,
646 1570 783 1663 quinam
801 1565 979 1664 strepitus?
995 1591 1069 1662 quae
1086 1590 1260 1636 murmura
1277 1567 1391 1651 noctis,

384 1691 455 1759 Cur
473 1688 689 1758 fremebunda
706 1689 822 1783 quies?
841 1677 971 1786 trepido
989 1687 1094 1759 scelus
1113 1687 1231 1758 outline
1249 1684 1370 1782 pando,

347 1836 350 1840 ⁴
375 1811 470 1899 *Quis
487 1808 598 1899 dolor,
615 1809 704 1880 unde
721 1813 822 1880 animi
840 1838 849 1880 ε
870 1813 920 1881 vis
940 1809 1031 1882 nulla
1050 1835 1160 1880 arcere
1179 1808 1348 1878 furentes:

384 1934 612 2025 Haesequere,
622 1929 838 2001 omiserande
848 1958 857 2001 τ
868 1947 1035 2027 premunt,
1045 1931 1254 2024 aderuntque
1265 1928 1407 2011 moranti,

384 2056 430 2123 Et
447 2079 576 2123 mecum
594 2053 733 2123 sortasse
751 2053 858 2123 cades.
880 2055 942 2122 His
960 2068 1088 2140 motus,
1105 2067 1140 2122 et
1156 2067 1247 2122 artus

384 2177 499 2246 Erexit
514 2177 625 2244 stratis
645 2201 654 2243 ε
672 2173 811 2245 ferimur
827 2199 888 2269 per
906 2172 1003 2243 devia
1020 2188 1120 2243 vasta

384 2296 504 2384 Urbis,
524 2295 581 2365 ubi
599 2298 769 2390 ingentem
788 2309 959 2364 nocturnae
977 2294 1075 2364 caedis
1094 2319 1249 2364 acervum

386 2418 529 2506 Passim,
547 2417 586 2488 ut
602 2441 751 2512 quosque
768 2418 869 2488 sacris
886 2415 1028 2488 crudelis
1047 2441 1185 2511 vespera
1203 2414 1287 2486 lucis

385 2542 572 2628 straverat,
590 2539 720 2609 occulta
738 2538 947 2635 speculamur
966 2541 1054 2609 nube
1073 2538 1220 2609 latentes.

367 2663 450 2763 1Ηίο
466 2663 625 2756 impressa
643 2663 724 2731 toris
743 2686 819 2749 ora,
837 2675 1067 2755 exstantesque
1085 2660 1221 2731 reclusis

385 2784 577 2853 Pectoribus
594 2782 747 2879 capulos,
766 2808 963 2879 magnarum
979 2798 1014 2854 et
1032 2784 1196 2879 fragmina
1213 2799 1330 2854 uunca

386 2907 582 2993 natarum,
601 2919 634 2974 et
652 2905 740 2974 ferro
759 2903 882 2974 laceras
900 2931 959 2999 per
977 2930 1116 3000 corpora
1134 2920 1259 2997 vestes,

386 3030 539 3099 Crateras
556 3052 698 3122 pronos,
716 3026 896 3122 epulasque
913 3028 948 3097 in
967 3028 1054 3097 caede
1073 3046 1224 3099 natantes
1261 3002 1263 3009 ‚

385 3152 530 3220 &nnuc
548 3164 635 3239 erat,
652 3148 842 3245 jugulisque
858 3148 959 3219 modo
977 3152 1133 3221 terrentis
1152 3154 1276 3245 apertis

386 3273 554 3366 Sanguine
573 3272 753 3340 commixto
772 3270 963 3342 redeuntem
982 3274 1016 3341 in
1036 3271 1155 3367 pocula
1173 3274 1348 3343 Bacchum.

386 3393 449 3461 Hic
462 3393 624 3486 juvenum
639 3416 777 3481 manus,
795 3409 828 3462 et
846 3392 945 3463 nullis
962 3392 1126 3463 violabilis
1144 3396 1247 3463 armis

385 3514 498 3582 Turba
515 3538 611 3583 senes
630 3540 639 3582 :
659 3515 824 3610 positique
841 3531 972 3610 patrum
992 3540 1091 3611 super
1109 3540 1169 3611 ora
1187 3531 1368 3611 gementum

385 3634 570 3704 Semineces
587 3635 682 3730 pueri
701 3636 848 3731 trepidas
866 3636 901 3705 in
920 3635 1032 3706 limine
1049 3638 1125 3707 vitre

385 3753 578 3851 singultant
593 3758 719 3825 animas
741 3782 748 3823 :
768 3755 877 3852 gelida
896 3783 963 3826 non
983 3760 1100 3846 serius
1119 3760 1204 3829 Ossa

385 3876 573 3945 Luxuriant
588 3876 807 3970 Lapitharum
824 3876 946 3972 epulae,
964 3880 991 3946 si
1011 3877 1146 3971 quando
1159 3878 1329 3974 profundo

384 3994 569 4090 Nubigenae
587 3996 716 4067 caluere
732 4022 825 4067 mero
844 4024 852 4065 τ
872 4000 925 4068 vix
945 4000 1072 4093 primus
1091 4001 1132 4068 ab
1151 4003 1201 4069 ira

385 4114 508 4203 Pallor,
528 4132 560 4185 et
577 4117 728 4212 impulsis
747 4135 889 4215 surgunt
908 4120 948 4189 ad
968 4120 1085 4215 proclia
1103 4126 1234 4192 mensis.
