2934 4950
64 393 96 456 (r.
113 389 182 454 τιὸ.)
363 387 583 446 stabilitos
603 386 717 450 stultu
736 387 771 440 V.
1068 383 1104 440 35

63 524 300 611 Lunatmuque
319 531 416 612 putes
435 539 554 608 agmen
573 513 788 600 descendere,
810 511 866 582 ubi
883 537 976 588 arms

61 639 219 734 Indulget
236 653 342 734 pater,
360 652 396 707 et
411 638 488 706 saevi
504 650 616 705 movet
632 636 718 705 ostia
736 631 825 706 belli.

109 792 126 826 α
137 763 210 830 Nec
226 761 339 830 varius
351 758 487 846 humor,
502 772 562 827 sut
577 756 688 826 studia
704 757 740 825 iu
760 755 929 826 contraria
945 757 1034 853 rapti

62 884 257 970 Dissensus,
274 895 314 950 ut
330 879 426 976 plebe
444 878 527 948 solet
546 905 556 947 ε
577 878 672 948 furor
689 877 847 948 omnibus
865 876 970 968 idem,

62 1004 154 1073 Idem
173 1004 307 1072 animus
324 1001 432 1071 solare
451 1001 569 1070 domos
587 1001 857 1093 :juvenumque,
876 1023 1059 1094 senumque

61 1125 274 1219 Praecipitare
289 1121 397 1211 colos,
417 1120 590 1217 plenisque
607 1119 795 1214 affrangere
815 1145 936 1216 parvos

61 1245 248 1332 Uberibus,
266 1243 421 1338 ferroque
437 1268 553 1314 omnes
570 1244 661 1312 exire
674 1267 738 1338 pu·
751 1267 868 1312 annos.

107 1397 125 1431 α
136 1370 238 1436 Tune
253 1365 370 1436 viridis
388 1364 454 1435 iste
468 1364 580 1452 lucus,
593 1365 676 1458 juga
693 1362 780 1434 eeisa
797 1365 958 1435 Minervas

62 1493 215 1583 Propter,
234 1501 353 1582 opaoet
365 1486 507 1556 humum
524 1488 620 1580 niger
635 1487 720 1582 ipse,
741 1485 797 1556 sed
814 1487 950 1580 insuper
966 1486 1083 1579 ingens

62 1615 164 1679 Mons
182 1611 319 1705 premit,
338 1624 373 1679 et
390 1611 523 1702 gemina
541 1624 682 1704 pereunt
697 1607 840 1702 caligine
856 1606 961 1677 soles:

62 1734 124 1800 Hic
141 1756 283 1800 sanxere
298 1730 398 1800 fidem
419 1757 427 1799 :
449 1745 487 1800 tu
505 1733 630 1800 Martis
643 1732 736 1800 testis
754 1735 866 1826 Enyo,

63 1861 173 1947 Atque
190 1851 321 1921 inferno
339 1853 455 1941 Ceres,
474 1852 655 1947 stygiaque
671 1851 860 1923 Acheronte
876 1850 1007 1922 recluso

64 1981 153 2044 Ante
168 1997 283 2069 preses
301 1999 421 2044 venere
438 1972 508 2044 dee
526 2000 534 2043 ε
554 1975 611 2043 sed
628 1973 714 2044 fallit
732 1975 858 2068 ubique

63 2098 171 2166 Mixto
185 2097 302 2164 Venus
320 2121 329 2163 z
347 2099 466 2166 Venus
482 2119 575 2166 arma
594 2111 685 2166 tenet
702 2123 710 2164 ε
729 2100 844 2166 Venus
859 2095 1015 2166 admovet
1034 2098 1110 2166 irss.

63 2220 133 2288 Nec
150 2216 195 2287 de
214 2241 308 2286 mors
325 2241 425 2286 cruor
445 2242 454 2286 ε
475 2230 591 2286 nuum
609 2219 773 2312 Caropeia
786 2218 909 2312 conjux

64 2336 200 2409 Obtulit
220 2363 228 2406 ε
249 2339 432 2432 accingunt
450 2363 535 2426 sese,
552 2351 586 2406 et
603 2339 761 2408 mirantia
780 2337 867 2408 ferro
1014 2327 1029 2336 “

64 2463 222 2548 Pectora,
241 2460 474 2554 congestisque
488 2457 595 2529 avidae
613 2457 710 2529 simul
730 2457 880 2554 undique
898 2459 1037 2547 dextris,

65 2580 302 2675 Pfffringunt,
316 2606 357 2651 sc
374 2580 473 2651 duloe
491 2580 582 2650 nefas
600 2582 636 2649 in
654 2581 817 2675 sunguine
835 2584 913 2650 vivo

66 2703 270 2797 Conjmnt,
288 2718 496 2799 mamque
509 2728 624 2773 recens
639 2701 858 2772 circumvolat
876 2704 1003 2773 umbra.

111 2854 129 2888 α
139 2822 235 2894 Talia
251 2826 400 2893 cernenti
416 2825 500 2893 mihi
516 2840 663 2919 quantus
681 2825 716 2895 in
732 2824 862 2894 ossibus
881 2824 1020 2894 horror?

67 2946 194 3034 Quisve
209 2917 270 3040 per
285 2970 345 3015 ors
363 2944 476 3015 solor?
492 2945 600 3040 qualis
617 2971 721 3040 quum
739 2970 835 3015 cerva
852 2948 997 3015 cruentis

69 3068 306 3137 Circumvents
321 3066 425 3162 lupis,
444 3066 575 3136 nullum
595 3069 650 3137 cui
666 3083 800 3163 pectore
817 3066 909 3136 molli

68 3190 194 3279 Robur,
211 3204 247 3259 et
264 3184 444 3261 involucri
466 3192 578 3259 tenuis
592 3188 715 3260 fiducia
731 3214 847 3280 cursu,

70 3311 261 3406 Praecipitat
278 3336 438 3406 suspensa
457 3311 571 3405 bigam
592 3338 600 3379 τ
617 3312 838 3407 jamjamque
855 3315 959 3382 teneri

70 3432 201 3521 Credit,
218 3448 253 3502 et
267 3431 377 3503 elusos
397 3432 493 3502 audit
511 3458 711 3502 concurrere
728 3457 868 3504 morsus.

117 3583 135 3618 α
146 3553 202 3624 Illi
218 3554 360 3624 aderant
379 3580 388 3623 z
407 3556 525 3650 primis
537 3554 675 3649 jamque
690 3554 859 3625 offendere
875 3558 996 3625 carinae

72 3675 266 3745 Litoribus:
287 3692 417 3747 nutant
435 3678 520 3747 saltu
540 3678 733 3771 contingere
752 3692 872 3747 terram

73 3799 261 3895 Pracipites
281 3825 289 3866 :
310 3800 438 3889 miseri,
457 3824 542 3893 quos
559 3824 627 3868 non
646 3814 706 3867 aut
723 3798 860 3868 horrida
879 3792 985 3869 virttis

73 3918 180 3989 Marte
200 3920 264 3989 sub
281 3918 430 4017 odrysio,
447 3935 506 3989 aut
524 3920 624 3990 medii
645 3918 856 3989 inclementia
875 3924 969 4016 ponti

74 4039 240 4111 Hauserit!
261 4041 328 4112 alta
346 4044 448 4112 etism
466 4046 631 4138 Superum
652 4040 789 4111 delubra
810 4059 987 4137 vaporant,

894 4162 926 4233 3.
