2934 4950
655 467 658 470 ,
711 423 1009 480 auttotartotttts

720 669 761 724 ΙΝ
782 668 932 724 LIBRUM
953 668 1003 723 IV.

379 871 531 928 Errsroct.
550 868 617 923 Tres
631 866 726 922 ltnbet.
743 864 810 922 Scil.
821 867 941 942 eclogas.
956 865 1028 923 eod.
1043 865 1165 942 thedig.
1179 867 1279 924 mire...
1294 870 1381 938 habet,

339 964 398 1020 nisi
410 963 488 1039 quod
500 972 605 1036 quarto
621 961 664 1015 ad
680 958 747 1015 lton.

380 1058 457 1114 Nam
467 1056 606 1123 det‘cr's,
615 1064 669 1110 etc.
679 1055 757 1109 Bene
770 1049 907 1126 explicari
914 1069 975 1106 non
988 1065 1118 1126 possunt.
1132 1053 1208 1129 Lege
1216 1069 1282 1110 cum
1291 1055 1384 1112 codd:

340 1153 428 1207 «lam
441 1147 529 1206 Vind.
545 1173 558 1199 r
1199 1191 1201 1194 .

379 1247 434 1313 Et,
448 1245 476 1301 si
491 1244 620 1312 uidetur,
636 1241 713 1297 tace.
733 1264 747 1290 o
762 1239 866 1296 Sensus
888 1249 930 1294 est
949 1258 957 1294 τ
978 1237 1067 1296 Silta
1086 1239 1139 1296 tibi
1152 1239 1317 1314 videbitur,
1336 1243 1384 1298 ha-

340 1350 455 1410 ctenus,
473 1355 527 1392 nec
540 1336 632 1404 ultr-a,
645 1329 812 1406 hujusmodi
835 1329 940 1406 scripta
964 1331 1047 1388 edam
1065 1351 1072 1387 ε
1095 1331 1140 1388 sin
1155 1332 1265 1404 miuus,
1287 1334 1306 1390 i.
1321 1353 1345 1390 e.
1365 1335 1385 1388 si

341 1430 469 1488 volueris
485 1447 532 1486 me
552 1445 689 1504 pergere,
706 1424 952 1501 reprehendamur
969 1423 1026 1500 (ita
1046 1424 1122 1480 enim
1146 1425 1316 1501 legendum,
1332 1447 1385 1482 non

340 1515 604 1600 reprehendemur);
617 1536 679 1576 non
695 1537 750 1596 ego
768 1515 883 1574 invidos
897 1525 925 1574 et
943 1518 1099 1574 malevolos
1119 1519 1243 1588 curabo,
1256 1518 1310 1575 sed
1322 1539 1385 1594 per-

341 1637 415 1696 gam.
429 1640 442 1667 ι
455 1616 575 1671 Mun..

380 1711 507 1766 Caum
521 1708 544 1763 1.
559 1707 600 1762 Et
615 1704 700 1762 rediit
712 1703 755 1759 bis
768 1715 865 1760 sertus
884 1701 973 1760 honos
986 1700 1024 1782 (v.
1039 1699 1079 1782 9).
1093 1729 1106 1756 a
1116 1705 1168 1760 Bis
1183 1724 1206 1763 s.
1222 1705 1252 1760 lt.
1266 1704 1386 1762 estduo-

341 1802 435 1858 decim
448 1798 567 1856 lancium
586 1809 615 1853 et
633 1795 767 1853 lictorum
784 1791 893 1868 honos,
904 1795 1057 1870 proprium
1076 1798 1241 1854 consulatur
1250 1796 1385 1873 insigne·

342 1899 439 1951 Gnort.
454 1893 485 1948 in
498 1890 544 1948 ed.
562 1889 619 1947 Sed
634 1883 846 1964 praeferendum
864 1888 935 1945 milti
947 1887 1042 1946 videri
1058 1890 1152 1946 fateor
1171 1887 1253 1965 quod
1267 1891 1387 1964 ejusdem

341 1986 397 2044 viri
412 2003 532 2043 acumen
548 1993 614 2042 ante
632 1979 797 2053 invenerat,
816 1993 846 2038 et
864 1981 895 2036 in
916 1983 1031 2050 nmen,
1050 2001 1074 2040 c.
1095 2001 1204 2056 xxm,
1225 1994 1255 2040 et
1275 1985 1387 2042 Elenclt.

342 2080 506 2144 anodiam,
523 2096 547 2133 c.
568 2095 603 2146 v,
623 2072 721 2132 multis
739 2069 907 2130 defenderat
920 2092 928 2128 ε
941 2073 985 2130 bic
998 2093 1110 2132 raxros
1128 2075 1235 2144 honos,
1250 2075 1387 2134 honosiu

343 2184 479 2248 praetexta
498 2183 581 2246 toga,
598 2165 721 2242 duplici,
734 2167 754 2223 i.
774 2184 797 2223 c.
813 2168 884 2224 lana
901 2177 930 2223 et
947 2185 1098 2243 put-purte,
1116 2178 1230 2224 textura
1247 2167 1331 2227 facta.

384 2269 509 2342 Novique
521 2266 550 2319 in
565 2266 644 2337 leges
655 2255 695 2339 (v.
718 2266 753 2327 rt
772 2256 837 2338 sq.).
852 2259 1040 2335 Explicantur
1052 2261 1111 2318 ltoec
1132 2261 1236 2321 versib.
1257 2281 1295 2337 9,
1314 2283 1347 2320 to
1364 2274 1387 2319 et

347 2344 530 2423 17caminis
547 2361 595 2398 111.

383 2440 512 2499 Morum
524 2448 612 2514 atque
625 2434 680 2492 tuis
693 2429 733 2514 (v.
749 2429 786 2490 2⁵
805 2429 889 2513 stu)-
905 2431 1003 2491 M010⁸
1018 2444 1085 2493 '¹¹⁰⁵
1099 2432 1148 2514 (de
1163 2435 1269 2511 ‘1¹¹³'us
1284 2437 1387 2515 ‘W

344 2534 459 2612 collegit
479 2536 623 2600 Gronov„
641 2546 671 2605 p.
696 2534 751 2596 alt
774 2525 852 2605 sqq.)
873 2526 940 2583 huic
964 2546 1084 2602 quoque
1102 2546 1179 2586 anno
1201 2528 1233 2585 in
1252 2532 1387 2604 exemplar

343 2629 512 2705 prefulgere
531 2624 659 2701 gaudent
673 2640 772 2679 omnes
785 2623 982 2677 Rornanorum
1001 2616 1133 2693 ordines3
1148 2632 1176 2678 et
1191 2641 1208 2680 a
1228 2624 1385 2691 consulatu,

345 2742 432 2799 quem
446 2733 478 2777 tu
492 2738 590 2797 gerere
604 2716 731 2793 dignaris
739 2758 748 2787 ,
762 2712 849 2772 ceteri
862 2715 989 2771 honores
1003 2733 1102 2772 omnes
1115 2715 1305 2776 illustrantur.
1319 2720 1386 2774 Gro-

343 2816 424 2873 novii
441 2810 594 2888 explicatio
606 2808 791 2887 redarguitur
810 2826 900 2883 quum
914 2818 978 2865 toto
996 2818 1097 2866 tenore
1115 2809 1188 2879 loci,
1206 2821 1268 2866 tum
1284 2830 1364 2868 verm
1380 2830 1386 2864 :

453 2981 1082 3052 ....Qui‹ltalc,preoor,prioraunutltabebatt
1201 3048 1204 3055 Δ

345 3161 454 3216 eontn
477 3152 681 3213 atarttandm
702 3152 831 3226 disputat
850 3148 1045 3223 Schradern,
1067 3151 1163 3209 Anirn.
1184 3152 1214 3229 iu
1234 3151 1385 3215 Murem,

347 3270 371 3308 c.
384 3268 482 3319 ntur,
495 3266 525 3323 p.
546 3248 612 3305 312.

387 3345 481 3398 lloma
495 3352 600 3414 potens
621 3334 658 3415 (v.
682 3333 744 3415 28).
758 3335 805 3393 Sic
819 3336 904 3394 codd
919 3336 977 3393 Sed
995 3336 1102 3410 optime
1125 3336 1227 3392 Markl.
1247 3356 1253 3391 :
1278 3360 1291 3387 a
1305 3338 1386 3392 Roma

345 3452 463 3510 parens,
485 3455 498 3482 υ
512 3432 560 3488 cui
576 3430 623 3487 lric
639 3432 721 3488 locun
734 3448 811 3487 suus.
825 3430 907 3487 tun
920 3429 1002 3487 addit
1017 3446 1024 3484 ε
1040 3452 1057 3481 ι
1066 3428 1140 3485 Vide
1155 3439 1250 3487 autem
1261 3428 1293 3485 iu
1306 3446 1387 3503 quau-

343 3539 406 3583 tam
425 3524 470 3583 coi
487 3523 664 3581 oblivionem
680 3519 828 3579 induxerit
845 3522 968 3579 Statium
986 3523 1065 3578 calor
1084 3532 1334 3595 extemporaneam
1346 3519 1387 3574 in-

345 3628 432 3676 vocat
450 3620 568 3693 longam
589 3627 774 3685 vetustatem,
800 3626 835 3670 ut
857 3614 945 3672 laotos
963 3613 1089 3671 excutiat
1106 3622 1135 3670 et
1158 3612 1246 3689 digna
1268 3614 1387 3686 exmpla

347 3709 475 3786 proferat
489 3728 496 3764 :
509 3718 626 3783 putares
639 3705 734 3764 atatim
748 3726 813 3765 cum
830 3705 967 3765 Fabriciis
980 3718 1009 3764 et
1022 3706 1208 3765 Coruncaniis
1223 3716 1252 3762 tc
1268 3724 1327 3762 rem
1339 3706 1387 3760 lra-

347 3802 477 3859 biturum
490 3818 551 3858 este
565 3820 573 3857 ε
586 3800 692 3857 horum
704 3818 776 3856 vero
794 3798 1024 3857 oblituoimmani
1036 3801 1110 3856 celtu
1123 3794 1270 3855 descendit
1283 3799 1319 3855 ad
1332 3800 1388 3853 Ar-

348 3906 478 3971 gustum,
504 3891 556 3968 qui
572 3891 717 3950 mentibus
741 3892 891 3949 hominum
912 3910 993 3968 paene
1015 3910 1131 3963 recens3
1152 3900 1267 3965 etpost
1289 3899 1386 3945 untan

349 3985 538 4044 invocationis
550 4002 703 4060 pompam,
715 3996 750 4042 ut
756 3997 916 4044 recenseret
924 3984 1072 4043 vetustatis
1078 4002 1134 4040 non
1137 4000 1233 4061 poma
1245 3984 1385 4057 exempla,

350 4080 434 4137 unius
447 4090 558 4136 tantum
573 4078 749 4137 mentionem
762 4078 860 4137 facit.»
