2934 4950
42 368 78 428 (v.
91 369 168 430 με.)
344 365 560 424 Tlfflttmos
582 367 693 424 utun
714 367 785 424 ΧΠ.
1043 369 1101 426 255

95 497 199 562 Hunc
216 489 333 562 saltem
350 494 481 562 miseris
497 493 624 564 ductor
640 493 823 565 Thebanus
839 495 1006 566 honorem
1125 580 1129 585 p

41 616 212 711 Largitur
232 615 378 704 Danais,
392 615 484 710 quod
502 639 571 686 nen
591 640 693 712 super
713 617 787 712 ipsu
803 618 977 711 jacentum
1116 600 1119 604 ¹

42 739 204 830 Corpora
221 733 399 832 belligeras
416 736 523 828 acies,
540 740 753 833 Martemque
769 739 955 810 secundnm
1041 798 1044 805 .

42 859 189 928 Miscuit
203 884 212 928 τ
226 873 262 928 at
277 857 388 930 lacera
407 858 547 954 nequid
568 858 609 929 de
628 874 738 955 strage
756 859 922 930 nefandus

46 980 227 1071 Perderet,
244 980 380 1078 eligitur
398 1007 502 1053 steros
520 998 644 1078 potura
663 1008 800 1054 cruores

44 1106 154 1171 Terra
173 1104 293 1174 rudis:
311 1106 447 1200 jamque
466 1104 613 1176 alternas
631 1108 666 1176 in
682 1107 803 1202 proelis
821 1123 939 1202 gentes

45 1225 231 1297 Dissimilis
249 1226 389 1298 Bellona
408 1231 474 1298 ciet
491 1255 499 1297 :
519 1255 588 1300 non
608 1228 737 1300 clamor
756 1232 945 1325 utrimque,

44 1351 127 1418 Non
144 1351 315 1445 utrimque
334 1351 446 1422 tuhae:
465 1367 532 1422 stat
548 1353 667 1423 debilis
685 1353 792 1425 altera
807 1355 930 1450 pubes,

45 1472 241 1542 submissos
259 1497 354 1544 enses
371 1476 614 1569 nequicquam,
631 1491 831 1571 amentaque
845 1476 973 1548 dextris

46 1598 141 1664 Laxa
162 1610 281 1666 tenens
296 1621 304 1664 ε
320 1595 445 1666 cedunt
464 1595 603 1687 tellure,
620 1599 790 1694 armisque
807 1600 953 1670 reductis

47 1721 233 1800 Ostentum
250 1731 376 1788 veteres
393 1719 578 1792 etiamnum
598 1721 633 1789 in
653 1723 817 1816 sanguine
834 1721 961 1819 plagas.

45 1845 120 1908 lam
140 1865 204 1909 nec
223 1842 397 1937 Cecropiis
412 1841 501 1910 idem
520 1837 718 1912 ductoribus
734 1843 853 1932 ardor,

48 1965 355 2058 languescuntque
370 1964 491 2053 minae,
508 1979 542 2034 et
560 1967 806 2056 virtussecura
824 1966 965 2037 residit:

48 2087 238 2154 Ventorum
256 2083 350 2154 velut
369 2086 419 2156 irs
437 2088 563 2176 minor,
581 2089 646 2156 nisi
667 2086 752 2157 silva
768 2087 935 2160 furetttes¹

49 2207 213 2303 Impedit,
234 2209 408 2301 insanique
429 2221 541 2278 tacent
558 2208 630 2278 sine
649 2207 749 2278 litore
765 2209 897 2279 fluctus.
1015 2198 1024 2216 “

34 2419 36 2428 ¹
100 2331 148 2397 Ut
167 2353 246 2398 vero
264 2353 439 2423 aequoreus
458 2354 623 2424 quercum
636 2330 878 2434 Marathpnida
893 2331 1043 2402 Theseus

51 2450 201 2538 Extulit,
217 2466 336 2522 erecte
354 2453 450 2547 cujus
465 2451 608 2523 crudelis
626 2453 662 2523 in
684 2451 797 2524 hostes
856 2438 860 2443 ’

54 2576 180 2644 Umbra
197 2572 308 2662 cadit,
325 2600 549 2670 campumque
567 2590 697 2647 trucem
716 2573 776 2647 lux
790 2575 939 2671 cuspidis
959 2576 1077 2672 implet
1156 2642 1162 2663 ,

52 2700 121 2767 Ceu
142 2711 238 2791 pater
254 2696 391 2789 Edonos
410 2699 520 2767 Heemi
539 2697 581 2767 de
599 2698 724 2771 vertice
742 2692 881 2769 Marnas

53 2817 226 2914 Impulerit
244 2844 380 2905 currus,
400 2817 520 2915 rapido
539 2835 753 2915 mortemque
770 2820 954 2917 frugumque

53 2944 123 3009 Axe
144 2940 286 3024 vehens,
304 2943 353 3011 sie
371 2941 531 3019 exanimis
550 2943 585 3011 in
605 2958 699 3038 terga
715 2942 848 3014 reducit

53 3062 163 3132 Pallor
181 3062 390 3159 Agenoridas
408 3090 417 3135 ε
436 3062 534 3137 radet
550 3054 759 3163 fugientibus
776 3065 827 3135 uti

52 3186 193 3275 Thesea,
204 3212 278 3257 nee
294 3184 605 3282 facilem'diguatur
623 3186 741 3258 dextra
759 3212 924 3261 unorum.

39 3310 168 3377 'Cetera
197 3307 329 3403 plebeio
348 3308 482 3379 desevit
498 3310 662 3405 sunguine
682 3310 818 3381 virtus.-

57 3432 107 3501 Sic
121 3432 219 3525 juvat
236 3432 633 3527 exanimisprojectsque
651 3430 763 3526 preda
781 3424 950 3527 canesque

56 3556 310 3649 Degeneresque
326 3552 443 3649 lupos;
461 3578 601 3649 magnos
622 3550 683 3625 alit
703 3554 753 3623 ira
773 3552 896 3625 leones.

57 3678 207 3747 httmen
228 3674 406 3771 Olenium,
421 3673 706 3771 Thamyrumque,
721 3676 814 3746 hunc
832 3676 896 3747 tela
913 3678 1070 3773 pharetra
1205 3744 1212 3753 .

58 3797 282 3886 Promontem,
298 3797 388 3868 hunc
405 3800 481 3867 saevi
499 3794 670 3866 tollentem
689 3796 840 3892 pondera
857 3801 927 3869 saxi

58 3919 194 4011 Dejieit,
214 3935 248 3989 et
265 3919 388 4015 triplici
406 3918 550 3989 confisos
568 3918 690 3988 robore
707 3922 816 4015 gentis

58 4040 202 4113 hlceidas
220 4045 359 4133 fratres,
377 4042 514 4113 totidem
534 4066 619 4137 quos
637 4044 767 4113 eminus
783 4044 887 4113 hastis
