2934 4950
318 436 323 440 ·
348 440 403 502 221.
649 425 866 483 nnanarnos
889 397 1078 480 nunaut
1284 419 1388 482 aaa.)

346 559 460 630 Nocte
479 555 569 624 subit
589 579 742 648 campos,
762 565 937 644 versatque
962 547 1176 643 insanguine
1197 545 1349 614 functum

350 676 501 772 Vulgus,
521 688 554 744 et
570 672 722 768 explorat
740 671 870 758 manes,
890 671 945 740 cui
966 668 1111 764 plurima
1129 669 1230 738 busto

347 802 496 893 Imperet
516 796 559 865 ad
576 798 722 891 Superos
741 821 749 863 :
767 796 956 863 animarum
973 807 1091 862 moesta
1109 803 1299 886 queruntur

349 917 520 1007 Concilia,
538 933 572 988 et
591 920 678 1013 nigri
696 932 793 1014 pater
805 915 1000 1010 indignatur
1018 913 1154 983 Averni.

399 1038 452 1109 Illi
473 1040 508 1108 in
524 1063 654 1109 secessu
671 1039 799 1135 pariter
816 1037 879 1106 sub
896 1059 980 1131 rupe
998 1031 1157 1130 jacebant

350 1160 492 1250 Felices,
512 1186 597 1255 quos
616 1149 683 1231 una
701 1161 785 1249 dies,
803 1155 922 1230 manus
937 1157 1075 1229 abstulit
1094 1181 1176 1247 una,

351 1285 471 1356 Persia
489 1281 684 1352 vulneribus
703 1281 812 1352 media
830 1282 923 1352 trabe
940 1295 1078 1378 pectora
1094 1281 1181 1349 nexi.

353 1410 402 1478 Ut
420 1403 522 1494 vidit,
539 1401 762 1498 lacrymisque
784 1401 873 1474 oculi
894 1418 1034 1498 patuere
1052 1401 1196 1500 profusis
1214 1427 1223 1469 ε

402 1531 543 1598 «Hosne
563 1552 626 1623 ego
644 1523 857 1620 complexus,
877 1517 1036 1621 genitrix,
1050 1512 1267 1611 haec'oscula,
1286 1521 1371 1610 nati,

353 1654 474 1721 Vestra
490 1647 586 1719 tuor?
603 1648 651 1717 sic
670 1671 730 1716 vos
747 1661 896 1717 extremo
912 1647 948 1716 in
963 1646 1030 1716 fine
1049 1644 1164 1742 ligavit

353 1771 534 1867 Ingenium
553 1766 690 1840 crudele
707 1769 816 1838 necis?
833 1793 907 1864 quae
924 1767 1063 1839 vulnera
1080 1745 1237 1857 tractem,

354 1897 440 1984 Quae
461 1893 631 1988 prius'ora
651 1889 823 1988 premam?
838 1915 941 1961 vosne
959 1889 1016 1961 illa
1035 1892 1185 1988 potentia
1199 1879 1334 1977 matris,

355 2019 426 2087 Vos
444 2017 532 2085 uteri
549 2013 685 2083 fortuna
699 2001 787 2082 mei?
804 2038 871 2109 qua
887 2029 1025 2109 tangere
1040 2014 1145 2084 Divos

357 2136 481 2225 Rebar,
499 2150 534 2203 et
553 2136 701 2230 Ogygias
723 2133 831 2204 titulis
847 2136 974 2205 anteire
996 2152 1160 2230 parentes.
1183 2157 1185 2162 “

356 2264 401 2332 At
418 2272 545 2354 quanto
567 2255 702 2347 ntelius,
715 2245 904 2352 dextraque
922 2259 957 2326 in
975 2272 1064 2328 sorte
1081 2241 1223 2355 jugeter,
1246 2255 1248 2260 ’

357 2381 444 2472 Quis
460 2378 588 2450 steriles
606 2377 764 2467 thalami,
782 2377 943 2476 nulloque
959 2378 1089 2451 ululata
1108 2378 1223 2451 dolore

358 2506 519 2600 Respexit
535 2504 666 2573 Lucina
685 2503 823 2574 domum
834 2482 943 2572 lmihi
961 2484 1087 2602 quippe
1102 2504 1267 2575 malorum

358 2608 469 2700 Causa
484 2623 579 2695 labor
597 2651 605 2695 ε
623 2624 681 2727 sed
698 2650 760 2696 nec
777 2604 942 2696 bellorum
964 2628 999 2697 in
1018 2625 1092 2697 luce
1110 2602 1238 2725 patenti

359 2749 542 2847 Conspicni
557 2748 668 2838 factis,
689 2763 878 2842 aeternaque
897 2750 1052 2845 gentibus
1071 2752 1164 2841 ausi,

360 2865 534 2959 Quaesistis
550 2871 677 2940 miserae
693 2868 817 2944 vulnus
833 2858 1047 2941 memorabile
1066 2874 1186 2959 matri3

359 2992 424 3062 Sed
440 3006 582 3063 mortem
594 2993 787 3093 obscuram,
800 2990 1059 3095 ,miserandaque
1075 2992 1193 3063 funera
1208 2996 1307 3088 passi.

359 3122 434 3187 Heu
451 3130 597 3210 quantus
613 3114 705 3204 furto
723 3104 841 3213 cruor,
853 3130 887 3185 et
903 3116 974 3184 sine
992 3112 1089 3199 laude
1103 3113 1237 3211 jacetis!

360 3238 456 3327 Quin
471 3262 534 3331 ego
554 3259 622 3303 non
642 3234 776 3305 dextras
794 3234 923 3307 miseris
941 3236 1171 3332 complexibus
1185 3239 1293 3307 ausim

361 3355 536 3447 Dividere,
553 3372 588 3426 et
604 3360 688 3426 tanti
709 3362 878 3429 consortia
897 3382 1053 3455 rumpere
1072 3358 1152 3431 leti:

361 3482 413 3549 Ite
430 3478 489 3549 diu
506 3479 646 3569 fratres,
665 3452 904 3576 indiscretique
921 3485 1085 3577 supremis

360 3604 515 3698 Ignibus,
536 3619 570 3673 et
587 3629 682 3673 caros
700 3581 795 3673 urna·
806 3595 1000 3693 confundite
1018 3622 1143 3667 manes.

352 3746 361 3757 ·’
407 3728 479 3795 Nec
498 3727 606 3794 minus
627 3712 754 3793 interea
772 3722 899 3818 digesta
918 3735 1027 3814 strage
1038 3714 1184 3788 'suorum

359 3848 447 3916 Hinc
465 3846 673 3918 Chthonium
692 3846 826 3939 conjux,
847 3844 926 3911 hinc
946 3855 1054 3911 mater
1068 3838 1217 3909 Penthea
1233 3818 1352 3908 clamat

359 3944 541 4065 Astyocbe,
561 3966 726 4064 puerique
739 3964 837 4035 rudes
852 3979 930 4057 tna,
949 3961 1134 4051 Phaedime,
1148 3959 1259 4056 proles

351 4091 527 4191 'Amissum
549 4090 697 4159 didicere
712 4103 861 4183 patrem,
882 4086 1113 4181 Marpissaque
1127 4098 1263 4179 pactum
