2934 4950
331 460 389 523 274
699 448 1002 508 ADNOTATIONES

371 571 458 628 Mons
470 569 511 649 (v.
532 588 568 641 ²7
583 565 662 650 sqq.)
678 573 750 631 Vide
763 567 800 624 ad
819 587 847 639 1,
868 568 905 639 6,
921 565 957 622 26
967 587 976 638 ;
990 575 1019 622 ct
1034 567 1072 623 de
1085 568 1266 642 metaphora,
1284 589 1311 626 v.
1331 573 1378 644 31,

330 661 388 719 vid.
408 665 526 720 Mam.

371 756 512 813 Secreta...
532 753 661 810 comma
680 751 718 829 (v.
741 749 802 829 55).
825 753 921 823 «Sunt
942 752 1067 808 carmina
1084 751 1300 825 reconditiora,
1321 773 1380 811 non

331 848 494 923 quotidiani
512 857 628 919 cantus,
643 856 675 902 ut
689 847 776 902 vestis
789 847 917 920 seposita
934 845 1012 920 apud
1028 846 1207 908 Tibullum.»
1222 849 1342 904 Maus.

369 943 504 997 Poenis...
528 952 649 997 senectae
666 935 703 1019 (v.
724 935 787 1017 58).
807 939 998 1013 Vespasianus
1019 938 1094 995 enim
1107 939 1178 996 vixit
1192 941 1274 997 annis
1296 961 1380 1000 sexa-

331 1036 411 1114 ginta
436 1055 548 1094 norem.
573 1037 674 1092 Paullo
700 1044 766 1106 post
783 1035 885 1090 Markl.
905 1053 921 1090 e
941 1033 1049 1090 Bartltii
1067 1035 1142 1107 conj.
1159 1055 1166 1089 :
1187 1057 1199 1084 a
1215 1035 1382 1115 habilesque

332 1130 446 1202 domos,
456 1155 469 1182 a
483 1129 564 1206 quod
577 1124 774 1203 recipiendum
788 1137 849 1185 erat
862 1147 917 1202 pro
931 1127 1091 1184 «habites...

372 1225 466 1280 Canu.
481 1225 533 1280 111.
547 1221 793 1298 Hendecasyllabi.
809 1223 925 1294 Fossas,
939 1241 1003 1297 quae
1017 1221 1091 1277 viam
1106 1221 1231 1295 Appiam
1244 1221 1274 1276 in
1289 1233 1382 1279 tractu

331 1315 513 1374 terracinensi
528 1313 672 1372 difficilem
679 1312 840 1372 reddebant
846 1313 916 1392 (vid.
924 1315 1047 1390 interpp.
1058 1313 1095 1372 ad
1111 1315 1231 1385 Horat,
1246 1315 1307 1371 Sat.
1316 1336 1338 1387 1,
1347 1319 1382 1394 5),

331 1409 512 1473 Domitianus
526 1409 618 1466 arenis
627 1408 768 1483 congestis
782 1409 903 1482 replevit
916 1419 944 1464 et
958 1407 1035 1464 silice
1043 1408 1119 1463 viam
1133 1405 1238 1463 stravit.
1249 1409 1384 1466 Celebrat

331 1502 388 1559 hoc
402 1502 486 1558 etiam
500 1501 652 1571 Martialis,
666 1520 712 1570 ιιι,
735 1507 798 1566 1⁰4·

372 1597 433 1651 Nec
436 1596 555 1670 frangit
568 1591 606 1672 (v.
622 1612 637 1665 7
660 1589 727 1670 sq.).
743 1595 821 1648 Nero
840 1592 944 1649 fossam
965 1592 1001 1648 ad
1018 1592 1212 1668 navigandum
1227 1612 1283 1668 per
1296 1598 1383 1651 Pom-

331 1689 426 1764 ptinas
441 1688 563 1763 paludes
576 1706 593 1743 a
606 1686 711 1742 baiano
727 1683 800 1763 (aliis
814 1686 851 1742 ab
865 1683 983 1764 averno)
997 1685 1062 1741 lacu
1075 1686 1243 1761 Ostiamque
1265 1687 1385 1745 inchoa-

333 1794 420 1839 verat.
440 1785 527 1839 Plura
539 1800 567 1836 r.
587 1799 633 1855 sp.
648 1783 793 1850 Gronov.‚
814 1798 838 1834 c.
857 1796 959 1834 xxxix.

377 1877 499 1932 Coronat
512 1873 549 1952 (v.
569 1893 604 1929 ιο
619 1871 683 1951 sq.).
700 1873 829 1944 claudit,
843 1872 925 1948 ligat,
940 1893 966 1928 v.
982 1875 1091 1944 Geor,
1106 1892 1135 1948 p.
1152 1880 1210 1940 240
1226 1893 1269 1949 sq.
1280 1908 1322 1918 -
1333 1878 1388 1948 Qui

333 1981 423 2027 castoe
443 1968 542 2024 Cereri.
556 1967 734 2024 Relemntor
745 1966 818 2036 bac,
838 1966 1007 2024 observante
1027 1967 1192 2037 nemartio,
1207 1966 1245 2024 ad
1259 1968 1385 2025 edictum

333 2061 491 2119 Domitiani
505 2084 518 2110 α
533 2058 718 2116 existimantis
726 2059 817 2114 nimio
825 2059 974 2115 vinearum
991 2043 1088 2115 studio
1105 2060 1212 2138 negligi
1226 2079 1296 2119 arva
1317 2082 1325 2116 ε
1345 2065 1385 2118 Ne

335 2146 444 2231 quisin
458 2153 539 2209 ltalia
554 2154 721 2218 nouellaret,
737 2163 823 2226 atque
838 2151 868 2206 in
881 2151 1037 2226 provinciis
1051 2151 1146 2208 vineta
1159 2153 1385 2224 succiderentur,

333 2248 446 2318 relicta,
461 2246 513 2303 ubi
526 2245 700 2321 plurimum,
722 2244 842 2301 dimidia
853 2254 950 2320 parte,
964 2270 976 2296 υ
993 2257 1026 2301 ut
1040 2246 1079 2302 ait
1091 2246 1228 2318 Sueton.,
1243 2266 1268 2302 c.
1287 2267 1386 2304 vn.—

338 2343 395 2413 Qui
408 2361 508 2398 censor
520 2340 659 2414 prohibet.
680 2339 757 2396 Vide
775 2338 813 2395 ad
828 2359 891 2410 ιιι,
908 2346 941 2410 l,
961 2342 1007 2412 73.
1026 2343 1069 2398 De
1089 2339 1215 2396 aedificiis
1229 2342 1386 2398 Domitiani

336 2435 432 2491 omnia
451 2435 510 2491 fere
523 2444 608 2503 nota,
625 2433 744 2507 insuper
757 2431 887 2507 exposita
901 2451 917 2490 a
931 2433 1032 2490 Markl.
1051 2432 1087 2490 ad
1101 2452 1155 2491 vss.
1173 2433 1221 2505 16,
1238 2453 1284 2510 19,
1301 2453 1350 2492 20.

376 2532 449 2599 Hic,
463 2547 543 2585 coeno
557 2528 651 2583 bibulo
666 2524 704 2605 (v.
725 2547 762 2584 2ο
781 2524 867 2605 sqq.).
883 2527 949 2583 Haec
964 2527 1003 2583 ita
1017 2546 1032 2583 a
1047 2527 1149 2583 Markl.
1164 2524 1278 2600 relicta,
1299 2550 1385 2587 enar-

335 2634 417 2681 rante
435 2621 541 2677 boram
554 2639 689 2677 versuum
707 2620 879 2677 sententiam
901 2620 968 2695 ipsis
982 2620 1042 2683 sere
1063 2620 1146 2677 Statii
1158 2620 1253 2677 verbis
1274 2644 1281 2677 :
1301 2648 1314 2675 a
1336 2624 1385 2679 Vir

335 2715 452 2790 publica
460 2713 497 2770 ad
507 2715 622 2783 Cumas,
632 2713 726 2769 sinum
739 2731 898 2788 gauranum
912 2722 941 2770 et
950 2713 1043 2783 Baias,
1057 2713 1177 2787 pessime
1191 2713 1296 2771 affecta
1307 2726 1385 2772 erat:

337 2809 447 2883 quippe
477 2807 591 2864 obsessa
616 2806 764 2881 profunda
781 2818 809 2862 et
832 2808 912 2882 gravi
932 2824 1030 2877 arena,
1044 2804 1117 2863 adeo
1142 2816 1175 2862 ut
1197 2830 1209 2857 a
1230 2807 1320 2884 piger
1338 2829 1386 2866 arc

337 2912 435 2958 vectus
452 2899 514 2956 udo
527 2910 643 2955 nutaret
662 2918 748 2955 onice
761 2900 889 2973 pendula
907 2899 1009 2969 viator,
1026 2899 1213 2974 sorberetque
1232 2910 1314 2959 rotas
1329 2922 1386 2958 ma-

337 2997 414 3071 ligna
427 2996 519 3051 tellus.
531 3018 543 3042 ιι
558 2994 618 3049 Nec
631 2993 787 3068 quicquam
803 2990 975 3067 proficeres,
990 2992 1102 3048 siriam
1120 2992 1267 3067 publicam
1282 2996 1386 3052 evitare

337 3090 423 3145 velles
442 3099 471 3144 et
483 3106 536 3161 per
550 3106 667 3160 campos
683 3085 917 3159 circumjacentes
933 3086 988 3142 iter
1004 3085 1097 3142 lacere
1116 3106 1123 3140 t
1139 3085 1248 3162 quippe
1262 3084 1385 3145 Vultur·
1405 3080 1409 3089 ’

338 3201 392 3238 nus
407 3180 496 3237 amnis
516 3198 566 3236 eos
585 3180 701 3248 tenebat
722 3200 729 3235 :
753 3179 826 3236 adeo
841 3191 874 3236 ut
894 3180 999 3255 «plebs
1013 3179 1043 3235 in
1060 3178 1161 3235 mediis
1181 3180 1269 3239 latina
1283 3183 1386 3257 cmnpis

338 3275 469 3330 horreret
482 3274 554 3328 mala
568 3270 766 3345 navigationis.
782 3296 794 3324 a
809 3272 925 3347 Duplici
938 3273 1006 3329 huic
1020 3273 1204 3329 incommodo
1220 3278 1386 3332 occurrebat
1446 3324 1447 3329 ,

339 3364 521 3422 Domitianus
540 3384 547 3418 ε
564 3382 706 3437 namque,
719 3364 823 3423 effossa
842 3366 933 3423 veteri
951 3366 1088 3436 materia,
1108 3366 1249 3423 comanos
1271 3378 1300 3423 et
1320 3388 1386 3423 nom

339 3456 445 3527 injectu
460 3458 540 3512 uiam
557 3456 702 3511 solidabat
719 3478 729 3510 .·
744 3477 860 3532 campos
879 3478 949 3515 vero
964 3458 1104 3531 restituit,
1117 3458 1253 3517 siccando
1272 3463 1386 3517 lacum
1445 3450 1446 3454 ¹

340 3560 384 3619 et,
407 3561 499 3623 ponte
522 3550 613 3619 lacto,
635 3549 813 3607 Vulturnum
836 3550 864 3607 in
883 3551 1015 3608 ordinem
1029 3561 1058 3607 et
1079 3552 1191 3607 alveum
1206 3571 1291 3609 suum
1310 3552 1386 3609 redi-

339 3642 477 3717 gendo.»
498 3644 542 3697 De
559 3642 673 3716 poetica
698 3643 845 3701 locutione
866 3646 966 3702 Romoe
986 3645 1112 3701 admovit
1136 3646 1246 3715 Baias,
1270 3646 1386 3720 pulchre
1443 3638 1444 3672 l

340 3735 398 3810 egit
410 3736 557 3805 Gronov„
569 3754 599 3809 p.
615 3734 672 3792 258
686 3754 752 3811 sqq.

383 3827 489 3882 vaes
502 3846 606 3883 arenas
620 3824 659 3905 (v.
676 3825 733 3907 23).
753 3828 842 3885 Vetus
857 3830 953 3905 aliqua
967 3830 1012 3886 ed.
1028 3832 1163 3888 exhibere
1183 3830 1290 3887 dicitur
1305 3850 1313 3884 ε
1328 3848 1385 3905 pu-

340 3932 396 3976 tres
410 3942 420 3975 :
433 3938 461 3976 v.
480 3923 599 3979 Miris.
619 3921 772 3995 Speciose;
787 3924 837 3979 sed
853 3934 978 3981 erratum
998 3924 1117 3983 sortasse
1131 3927 1171 3983 ob
1185 3946 1212 3983 v.
1231 3926 1294 3982 226.
1440 3994 1441 3999 ¹

380 4015 488 4069 latina
501 4008 539 4092 (r.
550 4012 688 4092 sulcos.
703 4016 790 4075 Paris.
801 4036 901 4091 margo
918 4038 925 4073 τ
940 4020 1065 4086 lartita,
1082 4038 1146 4075 cum
1161 4021 1198 4093 gl.
1215 4040 1222 4075 ε
1239 4018 1384 4075 minares

340 4109 369 4163 in
387 4109 550 4183 Catapam'a
564 4122 636 4164 sunt.
