2934 4950
93 421 194 483 (12³³.
410 421 627 480 ruansmos
647 425 756 480 nmnn
778 426 800 480 1.
1075 439 1128 494 ¹77

92 547 247 618 Scandere
265 549 349 642 quin
369 551 470 618 etiam
489 549 653 620 thalamos
672 551 727 620 hic
749 552 871 646 impius
888 549 983 620 heres

92 671 210 759 Patris,
228 684 266 738 et
281 671 459 740 immeritae
475 673 642 766 gremium
657 673 821 741 incestare
840 673 987 767 parentis
1068 753 1071 762 Α

90 792 248 886 Appeuit,
265 793 422 888 proprios
440 807 593 861 monstro
613 791 785 864 revolutus
805 793 840 864 in
861 807 964 863 ortus.

90 910 144 981 llle
160 927 273 983 umen
294 913 432 1008 Superis
449 928 572 983 eterna
591 912 723 1009 piacula
741 913 859 1004 solvit,
941 920 944 928 ’

90 1034 295 1130 Projecitque
315 1032 403 1103 dis·
420 1059 509 1105 nnec
526 1036 595 1130 jam
616 1034 759 1131 amplius
777 1036 899 1106 aethere
918 1050 1035 1106 nostro

90 1156 251 1244 Vescitur,
268 1169 304 1224 at
318 1157 409 1245 nati,
426 1155 556 1226 11111111
572 1158 645 1226 sine
659 1153 772 1227 mom!
791 1157 945 1228 cadentes

90 1277 261 1348 calcavere
277 1274 402 1348 oculos.
419 1281 495 1348 Jam
510 1279 580 1372 jam
599 1292 671 1348 rata
688 1293 767 1348 rota
787 1277 912 1362 tulisti,

90 1399 165 1466 llire
180 1395 300 1468 senex!
316 1422 470 1468 meruere
489 1413 577 1489 tum,
594 1424 770 1489 meruere,
786 1401 932 1470 tenebrae

89 1517 234 1590 Ultorem
253 1544 388 1615 sperare
402 1523 529 1590 torem.
549 1523 647 1592 Nova
663 1521 817 1590 sontibus
836 1545 931 1590 arma

91 1643 234 1735 lnjiciam
252 1642 380 1738 regnis,
403 1656 578 1738 totumque
593 1667 613 1711 a
628 1643 732 1739 stirpe
749 1639 906 1712 revellam

90 1762 222 1832 Exitiale
238 1787 357 1859 genus.
375 1760 459 1833 Belli
475 1763 560 1833 milri
579 1765 704 1833 semina
721 1777 822 1835 sunto

90 1884 245 1955 Adrastus
261 1910 366 1974 socer,
382 1901 417 1954 et
434 1885 571 1980 Superis
586 1885 746 1982 adjuncta
762 1886 906 1958 sinistris

91 2007 270 2077 Connnbia.
292 2011 388 2076 Hanc
408 2007 510 2076 etiam
529 2007 637 2104 poenis
651 2008 815 2079 incessere
831 2023 966 2103 gentem

90 2127 273 2200 Decretum.
291 2129 412 2222 Neque
428 2129 519 2197 enim
537 2152 660 2198 arcano
681 2128 723 2197 de
740 2143 876 2223 pectore
892 2127 990 2202 fallax

90 2247 262 2339 Tantalus,
281 2263 317 2318 et
337 2273 433 2320 saevae
447 2249 549 2347 periit
567 2250 691 2344 injuria
709 2237 869 2320 mensae.»

133 2374 187 2443 Sic
202 2389 306 2470 pater>
316 2372 541 2468 omnipotens.
559 2375 621 2443 Ast
638 2370 687 2443 illi
704 2374 814 2443 saucia
832 2369 928 2443 dictis

92 2494 268 2567 llammato
284 2518 422 2566 versans
437 2494 613 2590 inopinum
628 2494 730 2565 eorde
747 2494 912 2582 dolorem,

91 2617 174 2689 Talia
189 2622 280 2689 luno
299 2616 402 2688 refert
417 2643 454 2687 :a
467 2619 585 2707 Mene,
605 2641 627 2687 o
641 2617 824 2712 justissime
845 2616 994 2703 Divum,

92 2739 141 2807 lle
156 2737 246 2809 hello
264 2754 395 2809 cenare
410 2738 535 2834 jubes?
546 2740 610 2809 scis
622 2741 761 2833 'semper
781 2751 821 2808 ut
839 2762 932 2809 arces

92 2860 289 2957 Cyclopum,
310 2862 491 2959 magnique
506 2860 701 2931 Phoroneos
716 2858 839 2956 inclyta
856 2860 946 2931 fama

94 2982 221 3078 Sceptra
242 2984 343 3071 viris,
360 2983 550 3078 opibusque
564 2982 698 3077 juvem,
719 2980 797 3052 licet
815 2982 989 3079 improbus
1011 2982 1078 3054 illic

93 3103 263 3173 Custodem
280 3104 409 3174 Phariae
447 3130 566 3175 somno
586 3103 721 3199 letoque
737 3105 888 3200 juvencae

93 3225 301 3323 Exstinguas,
321 3227 422 3322 septis
438 3242 473 3295 et
490 3226 640 3296 turribus
658 3221 779 3296 aureus
796 3226 911 3295 intres.

94 3345 231 3419 ldentitis
251 3348 390 3445 ignosco
405 3350 488 3417 to'ris
501 3376 509 3418 :
524 3346 616 3419 illam
631 3348 764 3417 odimus
781 3348 918 3437 urbem,

93 3468 192 3556 Quam
208 3467 309 3540 vultu
323 3470 493 3539 confessus
509 3469 604 3539 adis:
620 3470 679 3539 ubi
697 3469 830 3539 conscia
848 3472 962 3566 magni

94 3570 183 3683 Signa
198 3590 284 3678 tori,
303 3592 451 3661 tonitrus
467 3588 558 3687 agis,
573 3606 608 3661 et
627 3614 703 3660 mea
717 3589 861 3660 fulmina
877 3604 1021 3685 torques.
1084 3596 1088 3603 '

94 3710 180 3781 Facta
196 3711 291 3783 luant
309 3712 433 3783 Theba
447 3737 464 3781 :-
477 3736 539 3782 cur
555 3713 668 3782 hostes
686 3710 780 3806 eligis
798 3708 927 3807 Argos?

94 3828 175 3919 Quin
191 3859 270 3931 age,
289 3834 318 3905 si
339 3849 432 3904 tanta
452 3848 502 3904 est
519 3831 659 3904 thalami
676 3830 842 3901 discordia
861 3834 982 3920 sancti,

93 3954 128 4021 Et
141 3958 278 4046 Samon,
296 3972 332 4027 et
347 3972 474 4027 veteres
494 3959 596 4027 armis
617 3954 774 4025 exscinde
787 3956 962 4050 Mycenas,

93 4073 184 4148 Verte
198 4077 268 4150 solo
286 4082 441 4174 Sparten.
461 4082 532 4150 Cur
548 4101 690 4173 usquam
709 4075 871 4171 sanguine
887 4072 971 4143 festo

225 4228 247 4272 1.
937 4219 977 4266 aa
