2934 4950
338 421 375 478 50
701 421 729 472 P.
752 418 874 472 PUBLII
896 416 1019 472 srfflt
1327 420 1362 474 (v.
1374 428 1406 472 bt

340 530 1404 566 mmmmm

819 872 905 956 ΙΙΙ.

547 1161 710 1229 Aaron
737 1161 903 1230 Arnon
926 1129 1177 1228 mamonis.

391 1861 497 1946 Srnr,
518 1881 591 1952 quae
609 1856 800 1952 perspicuas
816 1855 914 1924 nitidi
932 1855 1083 1926 Melioris
1100 1871 1220 1955 opacat

345 1979 455 2049 Arbor
475 2002 596 2073 aquas,
613 1975 786 2073 complexa
805 1976 896 2046 lacus
918 2003 925 2045 :
948 2001 986 2046 ea
1005 1980 1125 2048 robore
1145 1979 1186 2048 ab
1206 1977 1275 2047 imo

346 2085 511 2187 Curvata,
532 2098 648 2169 enodis
668 2097 756 2168 redit
773 2096 865 2186 inde,
885 2100 1058 2167 cacumine
1078 2113 1169 2169 recto

346 2219 478 2306 Ardua3
496 2245 557 2289 ceu
574 2217 691 2288 mediis
708 2223 831 2288 iterum
849 2234 1003 2288 nascatur
1020 2219 1061 2287 ab
1080 2218 1198 2307 undis,

347 2345 456 2435 Atque
472 2340 600 2408 habitet
620 2341 765 2408 vitreum
782 2340 890 2408 tacitis
907 2339 1073 2409 radicibus
1090 2366 1231 2409 amnem.

396 2459 487 2552 Quid
502 2460 665 2531 Phoebum
686 2475 755 2529 tam
772 2486 875 2556 parva
895 2460 1033 2556 rogem?
1052 2487 1110 2531 vos
1127 2460 1226 2530 dicite
1244 2486 1367 2530 causas

348 2581 485 2668 Naides,
503 2595 536 2649 et
552 2580 664 2651 faciles
679 2582 775 2679 (satis
793 2580 861 2675 est)
878 2581 954 2650 date
971 2578 1118 2652 carmina
1135 2581 1252 2650 Fauni.

349 2705 584 2799 Nympharum
600 2719 721 2773 tenerae
738 2703 909 2798 fugiebant
924 2702 1014 2772 Pana
1033 2718 1172 2772 catervae
1191 2733 1200 2772 :

349 2822 411 2893 Ille
428 2823 561 2917 quidem
579 2826 620 2910 it,
639 2837 774 2893 cunctas
791 2837 949 2915 tanquam
967 2822 1062 2908 velit;
1079 2826 1105 2891 it
1124 2838 1233 2891 tamen
1251 2848 1357 2892 uuam

350 2948 392 3013 In
406 2942 555 3031 Pholoen
577 2969 585 3010 :
607 2941 696 3012 silvis
714 2944 784 3011 haec
800 2942 1058 3036 fluminibusque
1077 2944 1244 3036 sequentis

351 3066 451 3133 Nunc
468 3064 573 3132 hirtos
591 3087 735 3157 gressus,
753 3086 843 3129 nunc
859 3062 1011 3156 improba
1028 3087 1154 3131 cornua
1173 3066 1267 3133 vitat.

352 3188 490 3275 Jamque
506 3196 539 3251 et
554 3180 750 3277 belligerum
766 3182 840 3251 Jani
861 3207 992 3269 nemus,
1011 3197 1149 3278 atraque
1168 3186 1249 3253 Caci

353 3307 461 3391 Rura,
478 3300 733 3396 Quirinalesque
748 3302 827 3397 fuga
846 3328 1004 3397 suspensa
1020 3330 1081 3399 per
1097 3329 1193 3399 agros

354 3420 477 3494 Coelica
493 3436 579 3492 tecta
594 3423 682 3492 subit
702 3448 710 3490 ε
732 3436 804 3491 tum
825 3423 960 3493 demum
979 3426 1066 3494 victa
1085 3424 1215 3512 labore,

354 3546 451 3613 Fessa
470 3558 575 3632 metu,
595 3566 660 3638 qua
677 3568 767 3612 nunc
786 3542 905 3637 placidi
926 3544 1075 3614 Melioris
1094 3547 1201 3641 aperti

356 3668 451 3735 Stant
472 3666 542 3734 sine
563 3662 678 3733 fraude
695 3662 796 3752 lares,
814 3664 932 3734 fluidos
949 3663 1082 3760 collegit
1099 3666 1238 3735 amictus

355 3787 504 3875 Arctius,
521 3801 554 3857 et
570 3788 674 3855 niveae
689 3787 799 3880 posuit
816 3812 850 3855 se
869 3788 1018 3882 margine
1035 3789 1124 3881 ripae.

356 3910 545 4001 Insequitur
562 3906 657 3976 velox
677 3929 835 4002 pecorum
850 3911 956 3995 Deus,
973 3922 1006 3976 et
1022 3932 1080 3976 sua
1099 3906 1236 3976 credens

358 4030 548 4117 Connubia,
569 4028 697 4097 ardenti
711 4030 848 4123 jamjam
869 4029 1009 4123 suspiria
1029 4028 1127 4097 librat
