2934 4950
76 413 108 466 (ι.
120 409 176 469 2⁵.)
399 409 615 466 rnarunos
638 410 749 467 nnnn
768 410 818 469 ut
1068 408 1121 477 143

74 535 250 599 Procursu
271 523 471 627 frerriituque
490 534 606 603 viros:
626 535 720 604 tirror
739 535 893 605 omnibus
914 534 1001 603 idem

74 651 210 745 Tydeos
232 654 328 722 invisi
347 652 481 748 spoliis,
499 668 666 749 raptoque
681 658 782 749 potiri

74 773 253 867 Corpore:
270 798 338 841 non
355 772 451 843 aliter
467 774 648 843 subtexunt
663 789 751 843 astra
767 789 904 844 catervas

74 892 287 963 incestarum
306 895 436 981 avium,
454 893 552 989 longe
567 896 686 989 quibus
706 919 788 966 aura
807 909 979 963 nocentem

75 1016 185 1101 Aera,
204 1012 415 1109 desertasque
434 1013 509 1083 tulit
530 1016 600 1083 sine
619 1016 734 1086 flauere
752 1029 897 1087 mortes:

75 1131 140 1201 llio
160 1134 267 1203 avidae
288 1160 364 1205 cum
382 1160 464 1205 voce
483 1152 601 1223 ruunt,
620 1152 718 1206 sonat
736 1136 861 1206 ardum
879 1133 981 1206 ether

75 1252 273 1344 Plausibus,
291 1253 425 1325 etooelo
444 1255 593 1327 volucres
611 1281 739 1327 cessere
758 1260 914 1327 minores.

124 1378 231 1449 Fama
249 1400 309 1469 per
323 1377 470 1447 Aonium
485 1377 604 1472 rapido
622 1402 705 1472 vaga
721 1402 893 1447 murmure
907 1402 1058 1472 eampum

75 1496 257 1589 Spargitur
276 1497 310 1565 in
329 1510 472 1585 turmas,
492 1496 591 1567 solito
608 1498 776 1593 pernicior
792 1496 893 1566 index

75 1616 194 1703 Quum
212 1614 356 1709 lugenda
371 1616 488 1701 resert;
506 1616 612 1687 donec
631 1620 685 1689 cui
703 1619 846 1687 maxima
863 1616 963 1686 fando

75 1739 214 1805 Damna
233 1737 339 1825 vehit,
357 1737 502 1831 trepidas
523 1738 614 1834 lapsa
633 1754 682 1809 est
701 1739 869 1835 Polynicis
887 1737 930 1807 ad
950 1762 1056 1809 aures.

75 1858 227 1951 Diriguit
240 1858 391 1951 juvenis,
410 1856 629 1953 lacrymaeque
645 1860 767 1930 hesere
785 1873 928 1954 paratae,

76 1978 120 2044 Et
138 1993 295 2047 cunctata
314 1978 395 2049 fides
413 2005 423 2047 t
443 1980 583 2049 nimium
604 2005 681 2049 nam
699 1982 832 2075 cognita
849 1982 955 2049 virtus

76 2096 222 2165 OEnidae
242 2098 332 2167 credi
350 2097 459 2179 letum'
471 2098 652 2193 suadetque
671 2113 835 2197 qetatque.

75 2217 142 2285 Sed
165 2234 341 2312 postquam
355 2219 447 2289 haud
463 2219 566 2291 dubio
583 2219 694 2291 clades
711 2235 847 2289 auctore
863 2234 993 2315 reperta
1008 2234 1076 2307 est,

75 2340 155 2407 Nox
171 2338 305 2427 oculos,
324 2354 536 2434 mentemque
551 2342 637 2437 rupit
654 2354 748 2410 :tum
766 2342 926 2435 sanguine
938 2341 1006 2410 fixo

74 2458 232 2528 Membra
251 2459 365 2546 simul,
384 2458 482 2530 simul
499 2486 592 2532 uina
610 2475 738 2530 ruunt:
756 2460 867 2532 madet
887 2460 994 2533 ardua
1011 2458 1092 2530 fletu

74 2581 150 2647 Jam
171 2578 281 2676 galea,
303 2596 403 2674 atque
421 2605 525 2652 ocreae
542 2579 695 2676 clypeum
714 2604 872 2675 excepere
890 2579 1074 2652 cadentem.

78 2700 106 2764 It
125 2713 262 2768 moestus
283 2725 391 2794 genua
413 2725 500 2795 aegra
519 2702 668 2785 trahens,
691 2701 887 2794 hastamque
905 2715 1113 2793 sequentem,

79 2817 281 2889 Vulneribus
300 2845 361 2889 ceu
377 2819 468 2890 mille
485 2823 616 2915 gravis,
636 2833 790 2913 totosque
805 2844 865 2914 per
881 2834 974 2888 artus

76 2940 236 3008 Saucius:
252 2941 411 3011 assistunt
429 2941 528 3029 socii,
546 2955 800 3034 monstrantque
817 2954 992 3034 gementes.

73 3050 224 3130 Tandem
244 3058 300 3128 ille
316 3051 467 3153 alijectis,
488 3062 542 3130 vix
561 3085 635 3154 quae
654 3073 860 3154 portaverat,
880 3061 997 3147 umis,

77 3183 198 3252 Nudus
216 3187 251 3253 in
268 3179 391 3279 egregii
411 3204 552 3252 vacuum
567 3181 639 3273 jam
657 3205 780 3274 corpus
798 3181 898 3248 amici

77 3303 239 3391 Procidit,
261 3318 294 3372 et
310 3303 367 3373 tali
384 3303 544 3399 lacrynns
562 3332 639 3374 curn
662 3324 744 3372 voce
761 3299 929 3394 profudit:

127 3453 144 3488 s
156 3427 268 3493 Hosne
288 3425 366 3514 tibi,
388 3450 556 3496 armorum
572 3450 645 3520 spes
666 3450 688 3495 o
704 3445 861 3516 suprema
874 3443 1042 3506 meorum,

78 3542 226 3632 OEnide,
243 3544 378 3638 grates?
395 3545 464 3614 haec
479 3547 616 3640 praemia
634 3544 737 3640 digua
753 3537 918 3638 rependi?

78 3662 194 3734 Nudus
214 3677 251 3732 ut
269 3665 374 3734 invisa
391 3664 509 3735 Cadmi
531 3664 650 3734 tellure
665 3666 793 3757 jaceres

79 3785 206 3878 Sospite
226 3783 301 3852 me?
320 3809 410 3876 nunc
429 3783 522 3856 exsul
540 3810 603 3881 ego
620 3799 848 3878 aeternumque
865 3782 1015 3877 fugatus,

79 3903 222 3990 Quando
242 3901 325 3974 alius
341 3907 481 3996 misero,
499 3930 538 3974 ac
555 3904 674 3977 melior
692 3904 774 3972 mihi
793 3903 895 3972 frater
913 3902 1076 3973 ademtus.

79 4023 147 4090 Nec
165 4023 235 4116 jam
255 4027 389 4094 sortitus
408 4041 552 4114 veteres,
571 4026 732 4120 regnique
754 4025 903 4094 nocentis
