2934 4950
342 459 396 534 196
650 435 870 510 runnunos
889 453 1003 510 mom
1023 453 1074 508 x.·
1268 451 1383 546 (ares.)

337 581 535 656 Conclamat
553 580 716 678 gaudens,
733 596 838 676 atque
857 581 993 675 ignibus
1010 577 1127 676 implet
1144 580 1306 652 honestis.

385 711 527 800 Jamque
543 706 607 774 iter
620 702 662 774 ad
675 729 791 774 muros
806 729 909 774 eursu
925 703 1067 774 festinus
1080 702 1203 773 anhelo

337 829 494 917 Obtinet,
515 842 549 897 et
565 827 704 896 miseros
722 824 846 922 gaudet
862 826 985 896 vitasse
999 840 1170 920 parentes3

336 953 452 1042 Quum
464 950 851 1047 genitor3steteruutque
861 947 979 1034 ambo,
992 961 1098 1018 etvox
1108 949 1204 1018 hesit
1219 950 1393 1043 utrimque

335 1074 551 1168 Dejectteque
568 1097 676 1167 geuae3
696 1070 833 1142 taudem
849 1084 949 1166 peter
967 1083 1046 1140 ante
1065 1070 1245 1164 profatur:

384 1196 500 1285 «Quis
518 1220 626 1266 novus
645 1195 790 1288 inceptis
804 1193 918 1287 rapuit
937 1207 972 1262 te
989 1216 1087 1264 casus
1106 1192 1151 1264 ab
1166 1193 1295 1264 armis?

335 1320 421 1409 Quae
437 1317 529 1389 bello
544 1318 701 1414 graviora
722 1315 842 1412 perae?
859 1314 932 1404 dio,
950 1329 1048 1404 nate,
1063 1315 1239 1410 precanti,

335 1445 407 1512 Cur
424 1441 485 1512 tibi
503 1457 601 1510 torva
618 1438 725 1510 acies?
743 1463 806 1510 cur
822 1437 879 1508 hic
900 1436 1114 1510 truculentus
1132 1438 1169 1510 in
1184 1461 1244 1508 ote

335 1562 470 1635 Pallor?
485 1575 519 1633 et
537 1562 580 1632 ad
594 1562 721 1660 patrios
736 1586 806 1632 non
822 1575 913 1632 etant
929 1572 987 1632 tua
1004 1559 1130 1632 lumina
1149 1558 1282 1630 voluis?

335 1686 468 1757 Audisti
483 1709 657 1781 responsa,
671 1683 783 1780 palam
800 1697 876 1755 est:
895 1709 956 1780 per
967 1709 1032 1782 ego
1052 1709 1114 1756 oro
1131 1699 1295 1778 tuosque,

335 1810 441 1895 Note,
461 1831 622 1901 meosque
635 1832 757 1896 annos,
776 1807 974 1901 misereque
992 1831 1053 1904 per
1068 1808 1175 1878 ubera
1191 1807 1327 1895 matris,

334 1929 494 2016 Novati,
514 1953 556 1998 ne
576 1927 692 2016 crede,
713 1953 824 2024 puer:
843 1929 1009 2024 Superine
1023 1928 1203 2024 profanum

335 2052 531 2146 Dignantur
549 2049 724 2120 stimulare
742 2050 874 2120 senem?
890 2052 946 2122 cui
961 2049 1076 2120 vultus
1094 2051 1219 2139 inanis,

335 2174 568 2268 Exstinrtique
582 2173 700 2262 orbes,
717 2189 753 2246 et
770 2199 871 2270 poene
883 2171 1053 2246 simillima
1069 2173 1147 2254 diro

336 2295 553 2392 OErlipodae?
571 2295 654 2392 quid
672 2297 700 2366 si
720 2296 872 2387 insidiis,
891 2311 925 2366 et
945 2295 1065 2366 fraude
1081 2294 1196 2368 dolosa

336 2422 407 2489 Rex
423 2417 512 2515 agit?
530 2434 677 2491 extrema
698 2433 750 2490 est
764 2401 956 2491 cui‘nostro
971 2422 1007 2489 in
1022 2433 1113 2491 sorte
1131 2420 1248 2491 timori

337 2539 522 2631 Nobilitas,
540 2557 666 2637 tuaque
684 2556 765 2612 ante
784 2541 886 2612 dures
904 2543 1078 2613 notissima
1096 2542 1227 2613 virtus?

335 2660 433 2733 Illius
448 2662 519 2733 haec
535 2663 649 2735 forsan
669 2674 801 2752 remur,
818 2689 895 2759 quae
912 2665 1015 2735 verbo
1031 2668 1183 2735 Deorum

334 2783 396 2855 Ille
410 2802 525 2857 monet
542 2813 550 2857 :
567 2812 609 2857 ne
631 2787 726 2858 frena
746 2788 861 2858 animo
873 2789 1030 2883 permitte
1046 2787 1169 2859 calenti
1189 2814 1199 2856 z

334 2912 388 2979 Da
408 2910 569 3005 spatium,
586 2924 791 3005 tenuemque
809 2936 940 2981 moram
955 2936 966 2979 z
983 2909 1209 2982 malecuncta
1220 2913 1375 2982 ministrat

336 3032 488 3126 Impetus
506 3056 514 3100 r
534 3032 618 3119 hoc,
635 3058 712 3120 oro,
728 3058 852 3104 munus
869 3030 1018 3103 concede
1032 3034 1177 3128 parenti.

336 3152 391 3221 Sic
411 3166 468 3221 tua
486 3154 628 3223 maturis
646 3156 824 3250 signentur
844 3168 996 3250 tempora
1014 3156 1126 3244 canis,

335 3276 379 3343 Et
396 3268 441 3343 sis
457 3275 528 3370 ipse
544 3299 683 3371 parens,
704 3291 739 3346 et
754 3275 798 3347 ad
813 3278 925 3367 hunc,
943 3278 1116 3365 animose,
1137 3279 1290 3349 timorem

334 3396 515 3466 Pervenias
533 3422 542 3466 r
562 3420 605 3468 ne
624 3421 726 3495 perge
743 3422 835 3468 meos
854 3399 974 3469 orbare
993 3414 1139 3495 penates.

336 3516 474 3585 Externi
492 3532 526 3588 te
541 3542 664 3616 nempe
685 3535 815 3616 patres,
833 3520 1010 3616 alienaque
1025 3538 1173 3621 tangunt

336 3636 504 3733 Pignore?
520 3641 548 3709 si
565 3640 677 3737 pudor
694 3658 761 3733 est,
778 3646 926 3739 primum
942 3644 1102 3716 muerere
1119 3661 1263 3717 tuorum.

334 3761 414 3829 Her
433 3760 559 3856 pietas,
580 3762 636 3834 hic
653 3788 753 3835 verus
772 3765 900 3856 honor,
919 3766 967 3835 ibi
983 3764 1091 3864 glorio
1109 3783 1239 3839 tantum

335 3882 591 3979 ventosumque
606 3883 725 3977 decus,
742 3886 899 3983 titulique
915 3890 951 3960 iu
967 3904 1078 3962 morte
1093 3888 1240 3961 latentes.

334 4002 407 4073 Nee
423 4004 561 4077 timidus
574 4020 608 4077 te
624 4006 724 4081 flecto
740 4034 862 4106 parens
877 4038 887 4081 t
904 4013 935 4101 i,
955 4012 1073 4109 proelia
1089 4017 1209 4102 misoe,

335 4124 401 4194 Per
418 4128 554 4201 Danaas
572 4130 675 4223 ecies,
697 4132 892 4229 mediosque
911 4158 973 4232 per
992 4136 1111 4207 obrius
1131 4140 1239 4225 enses}
