2934 4950
78 379 113 435 (r.
126 376 198 439 685.)
396 372 610 429 rnnssmos
633 374 743 431 nunu
765 374 832 430 vlt.
1074 396 1126 454 ¹¹.¹

77 500 236 569 Marcida
255 515 289 568 te
309 498 422 569 fractis
440 498 641 595 planxerunt
660 505 786 570 Ismara
803 500 945 596 thyrsis,

76 624 129 689 Te
149 619 303 709 Tmolos,
322 636 354 689 te
371 622 461 715 Nysa
478 620 587 709 ferax,
607 621 800 715 Theseaque
820 624 952 706 Naxos,
1012 656 1017 667 1

75 746 125 811 Et
140 742 299 811 'lhebana
316 757 407 811 metu
422 743 554 835 juratus
572 744 606 811 in
624 744 728 839 Orgia
746 745 894 837 Ganges.

77 866 154 932 Nec
173 888 307 959 segnem
325 862 488 959 Argolioes
505 888 636 934 sensere
651 861 808 933 Eteoclea
827 879 962 951 turmae,

76 986 218 1054 Parcior
236 984 279 1054 ad
293 986 380 1053 cives
395 984 563 1079 Polynicis
584 985 754 1056 inhorruit
773 987 872 1055 ensis.
920 988 923 991 ’

127 1106 264 1174 Eminet
281 1120 358 1175 ante
377 1105 459 1175 alios
473 1107 544 1199 jam
564 1105 822 1178 formidantibus
840 1130 922 1175 arva

76 1227 305 1321 Amphiaraus
323 1230 435 1323 equis,
456 1254 495 1297 ao
513 1228 619 1298 multo
637 1225 775 1323 pulvere
790 1230 891 1296 vertit

75 1348 247 1442 Campum
268 1348 496 1444 indignantem
516 1348 669 1421 :famulo
689 1349 791 1419 decus
809 1348 905 1417 addit
922 1351 1022 1417 inane

76 1471 239 1557 Mensis,
257 1481 291 1539 et
307 1486 473 1543 exuemos
490 1471 602 1541 obitus
622 1469 766 1541 illustrat
777 1469 919 1567 ¹Apollo.

75 1589 138 1661 Ille
157 1594 260 1662 etiam
274 1590 445 1687 clypeum,
465 1593 658 1689 galeamque
677 1591 824 1666 incendit
838 1593 974 1663 honoro

77 1713 221 1784 Sidere:
241 1738 302 1784 nec
322 1715 417 1785 tarde
437 1714 553 1804 fratri,
570 1715 739 1804 Gradive,
759 1714 898 1805 dedisti,

77 1838 129 1908 Ne
147 1862 218 1931 qua
235 1862 355 1907 manus
373 1853 503 1925 vatem,
521 1836 662 1931 nequid
681 1837 837 1908 mortalia
854 1837 942 1907 bello

77 1958 216 2028 laedere
238 1958 302 2029 tela
321 1975 468 2055 queant:
484 1974 654 2048 sanctum,
675 1974 708 2031 et
728 1960 920 2030 venerabile
935 1962 1007 2031 Diti

79 2084 195 2151 Funus
215 2097 310 2151 erat:
331 2081 405 2151 talis
423 2080 550 2152 medios
567 2082 709 2151 infertur
728 2084 763 2150 in
783 2083 893 2152 hostes
926 2153 944 2165 ,,

79 2205 202 2273 Certus
220 2219 255 2272 et
273 2204 342 2298 ipse
362 2204 450 2273 necis
468 2206 581 2273 :vires
599 2202 722 2273 fiducia
740 2202 797 2273 leti

80 2326 256 2422 Suggerit;
277 2323 355 2393 inde
375 2325 449 2394 viro
467 2326 664 2419 majoraque
685 2326 853 2412 membra,
871 2326 1008 2421 diesque

79 2448 216 2538 laetior,
235 2462 269 2518 et
289 2471 460 2543 nunquam
480 2462 573 2517 tanta
590 2446 796 2542 experientia
815 2446 910 2538 coeli,

81 2571 113 2638 Si
130 2585 250 2639 vacet:
270 2571 392 2639 avertit
411 2571 511 2638 morti
530 2570 738 2638 contermina
757 2570 885 2640 Virtus.
959 2644 961 2647 ,

23 2787 25 2790 ¹
80 2693 185 2762 Ardet
203 2689 368 2786 inexpleto
387 2692 463 2761 saevi
481 2693 645 2761 Mavortis
664 2716 795 2779 amore,

82 2818 122 2883 Et
142 2815 269 2884 fruitur
287 2814 420 2902 dextra,
440 2828 540 2910 atque
558 2814 669 2882 anima
688 2811 852 2908 flagrante
871 2813 1029 2908 superbit.

82 2941 143 3007 Hic
163 2938 340 3006 hominum
359 2957 456 3006 casus
473 2934 592 3024 lenire,
612 2947 647 3005 et
664 2935 795 3004 demere
813 2933 888 3007 satis

82 3061 162 3127 lura
179 3058 350 3152 frequens,
366 3071 530 3150 quantum
549 3057 661 3126 subito
679 3055 830 3125 diversus
846 3057 889 3126 ab
907 3054 984 3144 illo,

83 3182 149 3270 Qui
170 3179 339 3275 tripodas,
360 3178 541 3272 laurusque
561 3180 674 3274 sequi,
695 3180 753 3272 qui
772 3177 891 3248 doctus
911 3179 1055 3248 inomni

83 3303 180 3372 Nube
199 3298 346 3372 salutato
362 3298 532 3370 volucrem
554 3325 754 3394 cognoscere
773 3299 927 3370 Phoebo..

84 3421 404 3493 Innumeramferro
422 3419 576 3516 plebem,
592 3445 652 3490 ceu
671 3418 782 3491 letifer
802 3445 909 3491 annus

84 3549 148 3616 Aut
161 3545 264 3640 jubar
282 3542 411 3612 aduersi
429 3543 530 3640 greve
548 3541 685 3629 sideris,
705 3540 858 3612 immolat
880 3543 1007 3612 umbris

84 3669 153 3762 lpse
172 3669 242 3736 suis
261 3692 269 3734 :
285 3663 397 3759 jaculo
416 3663 616 3760 Phlegyam,
632 3662 811 3758 jaculoque
829 3664 1009 3758 superbum

85 3787 227 3884 Phylea,
246 3785 366 3855 falcato
385 3785 561 3874 Chromin,
571 3799 604 3852 et
616 3786 860 3856 Chremetaona
879 3811 999 3874 curru,

86 3911 244 3978 Cominus
263 3909 356 3976 hunc
374 3920 516 3976 stantem
536 3909 646 3992 metit,
665 3907 757 3976 hunc
775 3930 795 3974 a
813 3904 939 4000 poplite
958 3922 1102 3992 sectum,

89 4029 230 4125 Cuspide
244 4028 385 4098 demissa
402 4028 587 4115 Chromin,
607 4027 870 4121 Iphinoumque,
890 4030 1079 4123 Sagenque,
