2934 4950
361 440 418 498 nto
666 428 880 486 Tuustmos
901 429 1013 485 LIBER
1032 428 1086 482 111.
1136 437 1139 442 '
1295 429 1398 491 (vso.)

360 558 485 628 Elicior
503 556 651 625 tenebris
670 581 678 622 ε
694 552 760 623 alio
779 555 861 623 mihi
878 554 991 624 debita
1007 555 1076 623 fato

360 683 501 749 Summa
519 675 604 765 dies,
623 678 832 771 vetitumque
849 674 923 745 dari
941 673 1140 744 mortalibus
1158 675 1269 744 armis.

360 800 427 872 Sed
447 826 501 870 me
516 816 628 870 vester
646 824 759 887 amor,
775 787 965 892 nimiusque
981 821 1106 868 arcana
1123 797 1247 893 profari

361 904 505 992 Pboebus
516 923 587 1017 agit
599 947 607 989 :
622 921 716 991 vobis
725 935 884 1008 ventura,
898 935 1000 1014 atque
1012 945 1128 1008 omne,
1143 918 1235 1013 quod
1245 917 1333 987 ultre
1345 935 1399 1005 est,

360 1041 510 1112 Pandere
525 1055 664 1110 moestus
684 1067 725 1111 eo
741 1069 749 1111 :
766 1067 844 1110 nam
863 1057 913 1127 te,
931 1067 1069 1127 vesane,
1087 1042 1216 1110 moneri

360 1169 449 1234 Ante
465 1163 575 1252 nefas,
591 1165 719 1258 unique
739 1163 815 1232 silet
833 1165 894 1233 tibi
915 1178 1029 1233 noster
1046 1161 1180 1257 Apollo.

362 1286 442 1374 Quo
461 1286 591 1372 miseri,
606 1285 697 1353 Fatis
713 1286 917 1380 superisque
931 1285 1163 1369 obstantibus,
1182 1310 1291 1375 arma,

360 1408 440 1496 Quo
461 1403 601 1500 rapitis?
619 1431 693 1500 quae
710 1431 772 1474 ros
789 1407 967 1474 Furiarum
985 1405 1124 1476 verbera
1140 1429 1244 1476 caecos

362 1525 568 1620 Exagitantt
582 1525 711 1595 adeone
728 1528 920 1596 animarum
936 1526 1058 1597 taedet?
1075 1543 1109 1596 et
1127 1529 1236 1624 Argos

363 1645 484 1717 Exosi?
502 1644 551 1717 nil
569 1644 668 1716 dulce
680 1644 793 1716 dorni?
810 1647 903 1717 nulla
917 1649 1029 1718 omina
1048 1648 1161 1718 curae?

364 1767 458 1857 Quid
479 1793 533 1836 me
551 1770 663 1838 Persei
684 1784 812 1838 secreta
831 1769 873 1838 ad
890 1767 1040 1840 culmina
1055 1771 1180 1841 montis

362 1895 417 1958 Ire
435 1888 544 1983 gradu
559 1889 693 1983 trepido
713 1913 921 1984 superosque
938 1893 1126 1986 irrumpere
1141 1908 1246 1962 coetus

363 2009 506 2104 Egistis?
525 2011 619 2103 potui
635 2011 762 2102 pariter
782 2014 925 2098 nescire,
944 2013 1019 2107 quis
1036 2016 1138 2083 amnis

364 2134 490 2217 Casus,
507 2147 541 2200 et
557 2146 632 2200 atra
649 2129 738 2222 dies,
754 2157 827 2226 quae
845 2135 904 2203 fati
919 2135 1056 2204 exordia
1073 2139 1220 2226 cunctis,

366 2253 453 2340 Quae
471 2253 556 2322 mibi
574 2279 582 2321 :
603 2252 749 2323 consulti
767 2269 872 2325 testor
888 2256 1232 2350 penetraliamundi,

367 2377 411 2443 Et
433 2372 611 2444 volucrum
626 2373 768 2464 affatus,
786 2389 820 2444 et
839 2391 891 2467 te,
908 2378 1124 2472 Thymbraee,
1145 2383 1277 2451 vocanti

366 2498 446 2567 Non
464 2496 546 2566 alias
562 2512 631 2567 tarn
651 2522 736 2567 saeve
753 2498 851 2588 mihi,
870 2524 943 2593 quae
959 2503 1054 2597 signa
1070 2502 1174 2585 futuri
1208 2545 1213 2553 ·

365 2617 567 2688 Pertulerim
585 2644 593 2687 τ
609 2618 679 2688 vidi
697 2620 842 2713 ingentis
859 2636 1015 2716 portenta
1032 2626 1161 2695 ruinae:

366 2738 445 2811 Vidi
458 2739 647 2829 bominum,
666 2740 860 2835 Divumque
875 2742 981 2831 nefas,
996 2743 1205 2842 hilaremque
1219 2750 1397 2844 Megaeram,

365 2865 411 2931 Et
427 2862 602 2949 Lachesim
619 2863 713 2958 putri
733 2880 933 2935 vacuantem
951 2866 1069 2937 saecula
1083 2866 1203 2965 penso.

416 3014 433 3049 a
448 2984 607 3078 Projioite
622 3009 715 3055 arma
732 3010 847 3057 manu.
865 2990 958 3059 Deus
976 3014 1055 3061 ecce
1072 2990 1261 3063 furentibus
1279 2994 1394 3063 obstat:

367 3109 453 3176 Ecce
471 3110 584 3196 Deus3
600 3107 817 3203 miseri,quid
832 3108 1011 3204 pulchrum
1027 3116 1188 3210 sanguine
1205 3116 1301 3186 victo

366 3228 513 3297 Aoniam
529 3241 563 3295 et
580 3228 646 3296 diri
664 3244 816 3300 saturare
830 3231 964 3303 novalia
980 3234 1124 3305 Cadmi?

367 3347 434 3418 Sed
449 3347 532 3446 quid
546 3373 633 3418 vana
653 3351 763 3420 cano?
777 3352 859 3447 quid
874 3353 1074 3427 fixos-arceo
1088 3360 1208 3430 casus?

367 3470 537 3539 Ibimus»
552 3471 617 3540 Hic
630 3496 746 3566 presso
764 3478 891 3570 gemuit
907 3476 1005 3548 simul
1024 3502 1083 3550 oro
1102 3462 1267 3553 sacerdos.
1303 3547 1306 3552 .

414 3588 517 3659 Illum
526 3592 650 3662 iterum
662 3596 841 3690 Capaneus
856 3625 863 3666 :
881 3603 999 3669 «Tuus
1013 3626 1033 3669 o
1047 3602 1152 3692 furor,
1169 3630 1290 3700 augur,
1303 3618 1333 3673 et
1349 3603 1394 3672 uni

367 3715 435 3781 Isto
451 3712 531 3799 tibi,
548 3728 587 3783 ut
606 3740 717 3785 serves
734 3740 858 3789 vacuos
875 3720 1038 3816 inglorius
1055 3727 1186 3819 Argos:

367 3836 411 3905 Et
426 3822 485 3904 tua
502 3861 571 3906 non
589 3863 740 3934 unquam
761 3842 954 3936 Tyrrhenus
973 3859 1126 3941 tempora
1145 3850 1272 3920 circum

367 3954 517 4052 (langor
535 3974 610 4029 eat:
628 3962 712 4055 quid
737 3978 815 4033 vota
830 3966 940 4035 uirum
959 3965 1096 4037 meliora
1114 3971 1274 4041 moraris?

368 4077 503 4149 Scilicet
524 4094 563 4150 ut
577 4083 671 4152 vanis
687 4084 823 4176 avibus,
843 4103 1010 4183 natoque,
1027 4090 1209 4187 domoque,
