2934 4950
318 467 337 504 x
623 449 674 504 DE
694 450 725 506 P.
747 449 902 506 mutto
924 449 1063 506 STATIO

324 575 405 646 moei
426 575 554 670 primus
571 573 677 643 edidit
698 575 969 669 Lindenbrogius
984 601 1014 644 a.
1041 573 1151 664 1600,
1170 576 1275 646 multa
1293 579 1369 671 qui·

321 697 397 766 dem
414 692 471 763 illa
488 695 626 764 minoris
644 697 743 790 pretii
762 721 863 791 quam
879 722 953 791 quae
964 696 1007 766 ad
1023 697 1225 771 Thebaidem
1242 698 1369 771 haben-

323 831 389 887 tur.
411 819 543 886 Partem
565 841 698 906 eorum,
718 818 761 888 ad
781 843 813 886 v.
839 821 909 902 odo
937 817 1015 891 libri
1043 842 1072 905 1,
1097 819 1210 888 invcni
1237 821 1271 889 in
1290 822 1368 893 cod.

320 937 459 1009 membr.
478 940 589 1031 Regiae
608 937 689 1008 bibl.
709 964 782 1010 saec.
801 963 852 1027 nr,
875 965 926 1013 nr.
946 939 1058 1028 8040,
1072 964 1150 1009 cum
1168 965 1289 1034 magna
1308 968 1370 1012 va-

323 1063 441 1130 rietate
463 1057 634 1147 lectionis,
658 1060 752 1152 cujus
776 1058 889 1154 aliqua
912 1061 1069 1155 excerpsi.
1092 1061 1202 1130 Etiam
1230 1064 1265 1130 in
1291 1064 1369 1133 cod.

320 1181 460 1252 membr.
483 1175 578 1276 8559
606 1179 755 1273 ejusdem
774 1179 877 1267 bibl.,
895 1206 967 1253 saec.
993 1205 1050 1252 xrv
1072 1183 1222 1251 excuntis
1242 1182 1294 1251 vel
1324 1211 1370 1253 xv

325 1303 486 1390 ineuntis,
513 1301 639 1372 scholia
662 1301 705 1371 ad
732 1301 951 1374 Achilleidem
979 1302 1067 1390 vidi,
1087 1327 1155 1372 non
1181 1302 1289 1390 mala,
1310 1307 1371 1375 sed

321 1449 395 1518 quac
414 1423 521 1518 ignoti
547 1421 632 1492 nihil
656 1425 877 1494 continerent.
905 1423 1176 1519 Glossographus
1201 1424 1256 1495 illc
1279 1451 1369 1520 prae·

321 1559 412 1614 stans
435 1544 565 1616 Bartbii
591 1545 639 1613 in
661 1543 877 1617 Achilleidcm
901 1571 1038 1641 quoquc
1060 1560 1165 1614 exstat
1189 1572 1197 1615 ε
1225 1571 1245 1616 a
1271 1548 1372 1616 nobis

323 1666 447 1760 ubiquc
463 1663 581 1739 litteris
601 1668 725 1736 Gnoss.
748 1665 924 1736 indicatus.

803 1889 818 1955 ς
839 1887 887 1942 1v.

732 2061 966 2130 CODICES.

370 2271 396 2336 I.
418 2270 612 2340 vaunuu.
631 2270 683 2338 De
701 2267 824 2360 quibus
843 2265 1079 2337 Marklandus
1092 2267 1127 2334 in
1147 2265 1342 2360 praelatione
1363 2297 1372 2336 :

259 2399 261 2408 “
321 2417 337 2452 a
359 2389 482 2484 Scripti
510 2412 625 2458 earum
651 2387 783 2456 codices
815 2388 975 2457 rarissimi
998 2402 1077 2456 sunt
1104 2385 1222 2457 :duos
1250 2387 1374 2458 habuit

322 2511 476 2581 barthius
485 2510 606 2607 (unum
616 2509 733 2581 litteris
744 2508 942 2604 capitalibus
957 2523 1146 2597 exaratum,
1165 2511 1223 2603 qui
1241 2511 1373 2580 utinam

321 2632 492 2727 exstaret);
515 2636 625 2704 neutri
646 2657 762 2703 corum
788 2634 852 2702 uisi
876 2633 1052 2727 perpaucis
1074 2632 1166 2701 horis
1189 2634 1238 2699 uti
1257 2629 1305 2699 illi
1329 2631 1373 2701 li-

320 2758 410 2843 cuit,
425 2771 564 2851 propter
580 2756 729 2826 llammas
750 2756 917 2825 mansioni
934 2755 1005 2848 ejus
1023 2754 1179 2847 injectas,
1201 2779 1220 2822 e
1245 2754 1374 2847 quibus

322 2892 431 2949 tamen
449 2876 577 2971 elapsos
594 2877 668 2947 illos
691 2879 877 2973 suspicatus
900 2891 961 2945 est.
983 2875 1097 2947 Alium
1119 2874 1233 2945 laudat
1252 2878 1372 2947 Justus

320 2998 561 3092 Zinzerlingius
580 3051 589 3086 ,
611 3000 781 3071 Pronus.
803 3004 875 3072 crit.
886 3025 899 3083 ,·
918 2998 1036 3084 alium,
1060 2999 1272 3092 Lipsianum,
1293 3000 1372 3066 Ber·

321 3122 464 3208 nartius3
486 3120 588 3192 alium
607 3120 825 3206 Gebhardus‚
849 3122 968 3191 Curat.
986 3118 1126 3210 juvenil-
1149 3118 1207 3193 lib.
1232 3143 1286 3191 111.
1310 3121 1372 3189 Se·

320 3245 430 3311 nensis
447 3258 574 3313 verost
590 3242 732 3315 Medicci
749 3243 912 3338 excerptis
930 3242 1086 3313 utebatur
1106 3243 1314 3328 Gronovius;
1333 3259 1370 3313 et

318 3378 448 3459 postea,
467 3388 536 3435 uno
549 3368 600 3435 Jo.
620 3364 967 3453 Rhodii‚chartacc0;
985 3363 1089 3439 altero
1106 3363 1252 3456 archiep.
1269 3359 1370 3432 Salis-

317 3482 507 3576 burgensis,
525 3486 662 3557 membr.
683 3488 759 3557 Nic.
778 3488 934 3559 Heinsius
953 3485 1072 3558 habuit
1087 3485 1268 3554 Vaticanos
1285 3509 1369 3577 qua·

318 3621 438 3677 tuor.»
458 3610 626 3679 Nimirum
653 3609 807 3703 Poggius
833 3610 961 3703 primus
992 3604 1180 3702 exemplum
1208 3632 1322 3680 earum
1348 3634 1369 3679 e

270 3784 271 3789 ,
317 3726 427 3797 Gallia
445 3728 564 3799 detulit
578 3732 612 3801 in
626 3727 774 3818 Italiam,
792 3731 990 3803 mendosum
1006 3745 1041 3803 et
1059 3729 1288 3817 decurtatum,
1306 3731 1365 3806 sed

316 3874 411 3943 equo
423 3850 543 3946 reliqui
560 3850 656 3922 codd.
675 3852 852 3923 videantur
866 3877 1045 3923 emanasse.
1065 3854 1106 3921 V.
1125 3866 1280 3921 accurate
1292 3851 1366 3922 lraec

316 3988 535 4066 exponentem
561 3974 655 4043 etde
680 3974 778 4045 codd.
805 3972 870 4043 illis
891 3974 1099 4068 judicantem
1121 3973 1300 4046 Hundium
1326 3975 1364 4043 in

316 4092 406 4184 praef.
425 4094 476 4163 cd.
496 4120 527 4188 p.
547 4120 590 4163 xx
612 4120 685 4188 sqq.
704 4098 867 4166 Praeterca
883 4094 1096 4166 collationem
1120 4095 1281 4166 habemus
1308 4118 1364 4161 co-
