2934 4950
94 407 177 470 (sn.)
399 403 592 462 SILVARUM
612 405 721 462 LIBER
743 404 791 460 lIl.
844 455 847 464 Δ
1089 423 1124 481 91

132 529 269 598 Dicitur
286 526 407 598 Idalios
427 531 540 622 Eryeis
557 528 600 599 de
619 532 742 598 vertioe
761 530 851 599 lucos

91 654 172 718 Dum
189 649 298 743 petit,
315 663 350 716 et
366 646 483 718 molles
502 650 607 742 agitat
624 653 739 721 Venus
758 674 859 720 aurea
876 673 1017 744 cycnos,

91 772 278 863 Pergameas
296 771 436 839 intrasse
452 767 589 855 domos,
608 768 667 838 ubi
685 771 849 843 munaus
865 772 963 866 egris

90 887 269 959 Auxiliator
286 888 400 976 adest,
418 904 451 960 et
468 887 657 960 festinantia
674 889 790 962 sistens

90 1011 163 1077 Fata
180 1007 354 1080 salutifero
372 1009 463 1080 mitis
480 1012 573 1080 Deus
591 1010 726 1080 incubat
745 1013 856 1105 angui.

91 1129 145 1197 Hir
161 1153 306 1223 puerum
323 1131 464 1228 egregiae
480 1129 676 1224 praeclarum
694 1129 801 1202 sidere
819 1130 934 1204 forma

91 1253 190 1343 Ipsius
208 1266 287 1320 aule
302 1253 368 1322 Dei
387 1250 557 1324 ludentem
574 1255 737 1346 conspicit
755 1277 856 1324 usam.

92 1374 132 1438 Ac
147 1373 295 1465 primum
313 1373 424 1442 subita
442 1371 580 1468 persium
597 1371 736 1468 derepta
753 1371 860 1468 figura

93 1493 249 1560 Natorum
268 1491 310 1562 de
326 1492 425 1590 plebe
442 1509 541 1587 putat
559 1519 568 1564 :
588 1493 646 1566 sed
664 1509 823 1564 nouerat
841 1491 890 1564 illi

96 1613 211 1700 heus,
230 1627 323 1682 etex
341 1613 491 1686 humeris
506 1611 607 1686 nulla
625 1612 829 1710 fulgentibus
848 1613 982 1686 umbre.

94 1732 228 1802 Miratur
244 1732 373 1829 puerile
391 1732 512 1821 deeus;
529 1732 728 1828 vultumque
745 1759 921 1832 oomasque

95 1855 273 1946 ispiciens,
291 1858 415 1927 «Tune
430 1856 613 1943 Ausonias,
632 1856 697 1944 ait,
715 1855 778 1926 ibis
797 1855 839 1926 ad
857 1875 981 1939 arces‚'

95 1972 262 2066 Negleetus
278 1974 427 2046 Veneri?
444 1990 483 2044 tu
501 1974 636 2046 sordida
654 1987 759 2063 tecta,
775 1977 961 2078 jugumque

96 2093 215 2163 Ser-vitii
233 2093 371 2190 vulgare
387 2094 493 2166 feres?
510 2095 628 2192 procul
647 2098 732 2167 absit
753 2122 761 2164 :
780 2121 843 2190 ego
861 2097 915 2166 isti

96 2213 190 2301 Qu-
208 2217 350 2305 meruit,
363 2215 478 2288 forme
492 2215 667 2289 dominum
683 2216 779 2324 dabo.
795 2216 889 2288 Vade
904 2241 966 2313 age
980 2241 1126 2303 meconi,

96 2333 195 2424 Vade,
215 2361 320 2430 puer;
337 2336 458 2408 duoern
477 2337 604 2408 volueri
622 2363 682 2432 per
700 2337 808 2411 sidera
826 2361 927 2408 curru

97 2455 219 2526 Donum
238 2459 382 2529 immane
400 2457 476 2529 duci
497 2487 506 2528 r
527 2484 588 2531 nec
606 2474 640 2544 te
656 2457 786 2555 plebeia
805 2458 987 2529 manebunt

97 2576 184 2663 lura3
200 2562 352 2649 Palatino
370 2578 515 2651 famulus
533 2579 662 2651 deberis
680 2580 796 2652 mori.

98 2696 144 2764 Nil
161 2724 240 2794 ego,
259 2699 326 2790 nil,
346 2702 471 2789 fateor,
489 2716 561 2775 toto
578 2716 650 2771 tam
665 2700 765 2771 dulce
782 2702 845 2800 sub
862 2702 943 2769 orbe

99 2821 156 2887 lut
173 2820 263 2909 vidi,
280 2838 342 2893 aut
359 2825 468 2917 genui.
487 2822 596 2895 Cedat
613 2824 675 2893 tibi
692 2824 845 2893 latinius
864 2820 955 2891 ultro

99 2940 327 3037 Sangariusque
345 2968 448 3038 puer;
464 2967 630 3038 quemque
647 2944 743 3014 irrita
761 2942 861 3013 fontis
879 2944 990 3036 imago

98 3061 133 3127 Et
147 3061 264 3131 sterilis
282 3065 488 3159 consumpsit
505 3088 601 3133 amor
618 3090 626 3132 :
648 3078 681 3133 te
696 3062 818 3133 caerula
836 3065 917 3134 Nais

100 3180 220 3271 Mallet,
236 3198 273 3255 et
290 3208 454 3279 apprensa
472 3186 623 3255 traxisset
642 3185 761 3255 fortius
779 3210 873 3254 urna.

100 3302 160 3388 Tu,
175 3329 279 3399 puer,
292 3320 376 3403 *ante
391 3329 530 3391 omnes;
546 3305 638 3376 solus
656 3306 834 3376 formosior
850 3304 906 3374 ille

99 3422 152 3491 Cui
168 3424 339 3495 daberis.»
357 3427 413 3496 Sic
431 3451 526 3514 orsa,
546 3424 633 3497 leves
652 3450 762 3495 secum
783 3427 853 3521 ipsa
872 3450 932 3520 per
948 3450 1047 3494 suras

100 3543 206 3632 Tollit,
223 3543 419 3640 olorinaque
434 3548 532 3640 jubet
548 3546 719 3617 considere
737 3548 824 3640 biga.

137 3668 206 3735 Nec
223 3692 318 3739 mora
336 3693 345 3737 t
362 3668 432 3761 jam
451 3668 538 3740 Latii
556 3682 704 3757 montes,
722 3668 909 3761 veterisque
926 3684 1060 3761 penates
1193 3664 1198 3673 '

101 3786 253 3877 Evandri,
269 3813 355 3883 quos
374 3788 462 3859 mole
480 3815 568 3860 nova
585 3804 679 3885 pater
697 3787 839 3883 inclytus
858 3790 951 3858 urbis

101 3906 232 3997 Excolit,
251 3922 285 3979 et
301 3911 443 3980 summis
460 3927 569 4005 aequru
586 3911 807 3981 Germanicus
825 3911 931 3979 astris.

100 4026 182 4097 Tune
197 4032 336 4127 propior
351 4030 421 4124 jam
439 4056 519 4103 eura
537 4034 635 4118 oeae,
653 4056 727 4124 quae
746 4030 851 4101 forma
869 4027 997 4125 capillis
