2934 4950
301 410 360 468 ota
596 397 813 456 nnmunos
833 395 948 454 ΗΜ
965 396 1031 452 xn.
1236 397 1279 462 (v.
1298 396 1374 457 aas.)
1449 356 1450 363 ἵ

302 533 376 598 Huc
396 525 509 595 attolle
528 549 645 620 genas,
662 524 855 618 defectaque
872 521 1000 595 iumine
1017 549 1027 594 ε
1046 524 1139 595 venit

300 650 352 723 Ad
371 650 501 719 Thebas
518 649 620 742 Argia
642 661 715 717 tuas
734 671 743 715 :
760 671 840 742 age,
858 645 1025 716 moenibue
1046 646 1164 750 induc,

302 778 345 844 Et
364 773 491 868 patrios
509 771 648 842 osten'de
664 770 766 860 lares,
784 785 817 841 et
834 785 953 840 mutua
969 770 1073 842 redde

302 898 455 990 Hospitia
472 922 480 964 ε
500 896 564 964 heu
584 893 666 988 quid
682 891 768 989 ago?
786 893 957 990 projectus
974 894 1101 988 cespite
1118 892 1214 962 nudo

301 1023 374 1089 Hoc
391 1021 506 1114 patriae
525 1015 652 1086 telluris
671 1013 796 1086 hahes?
812 1039 886 1110 quae
900 1015 1035 1111 jurgia?
1051 1031 1142 1086 certe

301 1143 485 1237 Imperium
506 1165 574 1209 non
594 1138 696 1208 scater
716 1137 844 1207 habet:
864 1136 1020 1207 nullasne
1034 1153 1172 1207 tuorum

302 1263 440 1333 Movisti
457 1259 641 1356 lacrymas?
658 1260 716 1328 ubi
734 1259 862 1329 mater?
879 1259 938 1329 ubi
955 1256 1079 1354 inclyta
1100 1259 1189 1329 fama

302 1383 490 1480 Antigone?
508 1383 590 1452 mihi
610 1406 728 1476 nempe
743 1383 860 1477 jaces:
878 1382 961 1452 mihi
979 1383 1088 1452 victus
1102 1373 1139 1452 its
1156 1385 1228 1452 uni.
1324 1407 1340 1413 “

302 1506 484 1593 Dicebam,
506 1529 574 1599 quo
598 1503 705 1574 tendis
724 1501 811 1572 iter?
826 1501 910 1598 quid
926 1519 1057 1598 sceptra
1076 1519 1195 1600 negata

302 1628 436 1700 Poscis?
451 1627 553 1697 habes
573 1629 706 1721 Argos:
726 1627 831 1695 soceri
850 1627 1005 1722 regnabis
1023 1629 1058 1695 in
1077 1625 1153 1697 auia
1172 1655 1180 1696 ι

302 1753 366 1820 Hic
383 1751 444 1820 tibi
464 1747 585 1844 longus
603 1749 730 1836 honos,
749 1748 804 1817 hic
822 1746 963 1816 indivisa
984 1763 1143 1843 potestas.

302 1871 395 1963 Quid
417 1871 564 1966 queror?
583 1873 655 1967 ipse
674 1869 751 1940 dedi
769 1869 916 1957 beilum,
934 1885 1156 1967 moestumque
1175 1874 1302 1967 rogavi

174 1989 178 1994 ¹
302 1998 381 2090 Ipsa
398 2008 547 2090 patrem,
565 2006 605 2062 ut
623 1990 723 2062 talem
741 2017 834 2062 nunc
853 2008 887 2064 te
904 1993 1078 2089 complexa
1096 2009 1260 2064 tenerem.
1452 2068 1453 2095 ,

304 2114 371 2186 Sed
379 2117 464 2185 bene
476 2115 591 2202 habet,
601 2115 722 2209 Superi
734 2140 743 2183 ε
754 2129 888 2210 gratttm
901 2130 966 2202 est,
975 2120 1123 2185 Fortuna
1135 2142 1143 2185 :
1153 2132 1298 2212 peracta
1314 2136 1366 2187 est
1452 2104 1453 2119 ¹

302 2240 385 2334 Spes
404 2235 589 2332 longinqua
606 2237 667 2306 vie
686 2262 695 2304 ε
714 2249 803 2306 totos
822 2237 1011 2306 invenimus
1025 2254 1129 2309 artus.

302 2360 365 2428 Hei
383 2359 485 2447 mihi,
507 2356 565 2428 sed
583 2372 709 2453 quanto
727 2357 900 2429 deseendit
917 2359 1041 2430 vulnus
1057 2359 1167 2431 hiatu!

302 2486 375 2554 Hoc
392 2481 512 2552 frater?
530 2506 597 2577 qua
614 2496 725 2578 parte,
743 2506 877 2577 precor,
894 2484 984 2577 jacet
1001 2482 1057 2553 ille
1076 2483 1243 2555 nefandus

302 2602 495 2674 Praedator?
513 2604 644 2673 vincam
664 2601 835 2691 volucres,
855 2606 899 2673 sit
916 2605 1009 2675 adire
1026 2620 1190 2702 potestas,

303 2724 555 2819 Excludamque
575 2724 660 2794 suas
681 2750 690 2793 ε
712 2749 756 2794 an
776 2725 877 2795 habet
897 2726 1047 2797 firnutm
1066 2743 1102 2798 et
1116 2727 1230 2823 ignes?

303 2846 367 2917 Sed
386 2870 448 2915 nec
465 2861 500 2915 te
517 2846 659 2916 flammis
678 2848 814 2942 inopem
833 2863 891 2917 tua
909 2862 999 2918 terra
1015 2848 1164 2918 videbit:

303 2966 464 3053 Ardehis,
479 2965 709 3062 lacrymasque
726 2967 830 3057 seres,
849 2992 933 3063 quas
951 2968 1039 3040 ferre
1058 2985 1214 3065 negatum

302 3090 467 3186 Regibus,
482 3104 711 3185 aeternumque
727 3104 787 3159 tuo
803 3089 965 3161 famulata
985 3090 1140 3188 sepulcro

303 3215 449 3285 Durabit
465 3214 594 3285 deserta
612 3213 710 3303 fides,
729 3215 889 3310 testisque
908 3212 1064 3285 dolorum

302 3338 411 3407 Natus
431 3336 512 3425 erit,
531 3358 702 3431 parvoque
720 3351 834 3406 torum
854 3335 1010 3432 Polynice
1029 3336 1191 3408 fovebo.»

350 3460 437 3527 Eece
457 3455 540 3527 alios
557 3458 719 3551 gemitus,
739 3456 907 3553 aliamque
926 3459 970 3528 ad
987 3461 1087 3530 busta
1107 3460 1231 3530 ferebat

304 3578 471 3673 Antigone
489 3579 677 3649 miseranda
696 3578 820 3669 facem,
837 3582 894 3649 vix
912 3597 1011 3652 nacta
1029 3585 1152 3678 petitos
1174 3612 1180 3617 ·

302 3701 471 3771 Moenibus
490 3726 641 3797 egressus
659 3726 666 3769 t
684 3701 775 3772 illam
793 3728 872 3773 nam
892 3719 1042 3800 tempore
1059 3708 1095 3776 in
1110 3709 1202 3777 omni

302 3822 489 3894 Atteudunt
507 3822 642 3920 vigiles,
660 3840 694 3894 et
712 3848 773 3895 rex
787 3818 884 3919 jubet
903 3828 974 3923 ipse
990 3829 1120 3916 umeri,

303 3947 558 4043 Contractaequc
580 3947 685 4035 vices,
702 3961 736 4017 et
755 3948 906 4031 crebrior
925 3950 1067 4019 excubat
1085 3952 1181 4047 ignis.

303 4070 392 4163 Ergo
409 4069 509 4159 Deis,
529 4068 693 4165 fratrique
711 4093 822 4140 moras
837 4087 994 4158 excusat,
1010 4088 1043 4142 et
1061 4099 1196 4162 amens,
