2934 4950
365 451 402 511 ⁴⁰
677 443 892 502 Tflssaamos
915 443 1026 500 LIBER
1048 443 1084 498 V.
1291 441 1393 504 (met.)

363 567 528 658 Flamina,
545 583 580 640 et
595 595 615 639 e
631 570 759 643 cunctis
776 583 983 665 prospecte·
1002 566 1141 638 collibus
1160 565 1276 635 undas.

409 691 591 760 «Exoritur
608 688 806 787 pudibunda
824 689 909 777 dies,
929 687 1114 782 caelumque
1129 702 1280 756 retexens

361 814 522 880 Aversum
539 813 667 881 Lemno
683 810 802 903 jubar,
822 823 856 879 et
873 807 1015 879 declinia
1031 810 1129 878 Titan

361 932 525 1026 Opposita
535 934 618 1027 juga
634 932 723 1000 nube
740 930 865 1000 refert:
883 944 1019 1024 patuere
1038 930 1165 1000 firrores

361 1052 544 1141 Nocturni,
560 1051 709 1146 lucisque
725 1076 820 1120 novae
837 1049 1014 1120 formidine
1031 1052 1158 1119 cunctis

360 1170 589 1267 (Quanquam
606 1174 695 1240 inter
714 1170 861 1264 similes)
880 1170 1012 1240 habitus
1030 1170 1135 1239 rubor
1154 1195 1162 1238 :
1184 1171 1286 1262 impia
1306 1185 1394 1238 terra

360 1290 532 1361 Infodiunt
550 1291 690 1381 scelera,
708 1307 768 1362 aut
785 1292 911 1362 festinis
932 1291 1064 1387 ignibus
1083 1306 1195 1360 urunt.

358 1414 432 1480 Jam
451 1436 570 1482 manus
588 1412 832 1501 Eumenidum,
851 1427 1030 1507 captasque
1050 1409 1218 1506 refugerat
1235 1434 1324 1480 areas

358 1535 556 1602 Ensauuma
572 1536 715 1604 Venus:
734 1532 830 1603 licuit
846 1535 984 1620 sentire,
1004 1530 1085 1626 quid
1104 1555 1209 1616 ausm,

358 1655 403 1722 Et
419 1653 555 1724 turbare
574 1679 705 1744 comas,
723 1671 758 1725 et
776 1653 903 1725 lumina
922 1656 1050 1750 tingere
1066 1653 1155 1723 fletu.

408 1775 550 1845 «Insula
567 1775 659 1844 dives
677 1777 782 1871 agris,
799 1776 1004 1872 opibusque,
1022 1777 1206 1869 armisque,
1223 1775 1378 1869 virisque,

358 1897 447 1965 Nota
464 1897 548 1985 situ,
567 1911 602 1964 et
617 1897 737 1966 Getico
757 1921 866 1992 nuper
884 1896 989 1965 ditata
1007 1897 1195 1991 triumpho,

357 2019 438 2090 Non
456 2017 558 2088 maris
576 2017 732 2105 incursu,
754 2042 823 2086 non
844 2018 957 2105 hoste,
977 2041 1038 2086 nec
1056 2016 1176 2086 aethere
1196 2013 1296 2103 levo,

358 2136 507 2207 Perdidit
525 2162 594 2207 una
610 2162 726 2207 omnes
745 2139 881 2228 orbata,
900 2139 1073 2232 excisaque
1088 2137 1234 2226 mundo,

359 2258 536 2356 Indigenas
556 2284 565 2328 ε
587 2283 656 2328 non
675 2283 756 2328 arva
775 2259 857 2348 viri,
875 2284 944 2329 non
964 2282 1099 2353 aequora
1117 2273 1280 2327 vertunt:

355 2380 560 2450 Conticuere
579 2378 698 2449 domus
718 2408 726 2449 :
749 2405 849 2466 cruor
869 2379 974 2468 altus,
995 2393 1028 2448 et
1046 2377 1149 2448 oblita
1168 2404 1280 2449 crasso

357 2504 490 2573 Cuncta
508 2483 631 2573 rubent
649 2502 729 2571 tabo
750 2528 759 2571 ε
778 2526 974 2598 magnaeque
993 2504 1028 2571 in
1046 2502 1209 2570 moenibus
1229 2503 1322 2571 urbis

359 2626 428 2694 Nos
445 2636 576 2693 tantum
594 2648 603 2691 t
621 2638 656 2693 et
673 2626 751 2693 saevi
770 2625 899 2718 spirant
918 2648 978 2718 per
996 2620 1141 2693 culmina
1159 2624 1290 2691 Manes.

405 2747 510 2839 «Ipsa
526 2768 663 2839 quoque
679 2744 812 2814 arcanis
830 2744 907 2814 tecti
928 2746 964 2813 in
978 2743 1207 2840 penetralibus
1225 2741 1294 2812 alto

357 2863 481 2935 Melior
501 2865 578 2961 igne
599 2888 715 2960 pyram
736 2890 745 2934 ε
767 2879 933 2961 sceptrum
954 2890 1053 2960 super
1072 2888 1232 2959 armaque
1251 2867 1351 2960 patris

359 2988 492 3082 Injicio‚
511 3002 545 3056 et
562 3002 659 3057 notas
676 3013 793 3084 regum
814 2989 998 3084 gestamina
1016 3002 1139 3077 vestes,

361 3111 407 3178 Ac
425 3132 530 3202 prope
547 3123 664 3177 moesta
679 3133 799 3205 rogum
820 3108 966 3179 confusis
984 3108 1118 3204 ignibus
1137 3107 1232 3178 adsto

359 3232 447 3298 Ense
465 3243 656 3319 cruentato,
673 3228 890 3325 fraudemque
908 3245 943 3300 et
960 3231 1073 3299 inania
1091 3230 1189 3299 busta

355 3346 484 3445 Plango
503 3365 612 3439 metu,
631 3353 660 3421 si
679 3350 765 3421 forte
783 3366 952 3447 premant,
973 3376 1168 3445 cassumque
1187 3352 1314 3445 parenti

357 3471 465 3540 Omen
483 3485 518 3539 et
534 3472 598 3541 bac
614 3472 733 3543 dubios
753 3472 809 3542 leti
827 3498 948 3569 precor
964 3474 1013 3541 ire
1032 3450 1177 3541 timores.

405 3592 494 3661 «His
512 3592 595 3662 mihi
616 3618 680 3689 pro
698 3596 824 3664 meritis
842 3594 903 3690 (ut
918 3592 992 3663 falci
1012 3594 1160 3662 criminis
1179 3608 1253 3663 astu

357 3716 457 3782 Parta
472 3712 577 3811 fides)
593 3738 699 3812 regno
717 3731 752 3786 et
769 3714 852 3785 solio
869 3713 1042 3785 considere
1058 3714 1162 3810 patris

357 3832 566 3931 Supplicium
585 3834 685 3909 datur
705 3864 713 3907 :
736 3862 822 3907 anne
840 3836 904 3906 illis
921 3838 1054 3907 obsessa
1073 3838 1252 3932 negarem?

357 3958 504 4045 Accessi,
525 3983 611 4054 saepe
631 3976 708 4029 ante
729 3964 818 4030 Deos
839 3974 974 4047 testata,
995 3957 1177 4053 fidemque,

356 4080 608 4174 immeritasque
626 4106 745 4152 manus
765 4108 773 4151 ε
794 4080 914 4169 subeo,
936 4106 998 4176 pro
1017 4080 1089 4149 dira
1107 4074 1270 4175 potestas!
