2934 4950
288 427 291 436 ‚
360 420 415 473 170
662 392 875 484 ripnamos
895 390 1007 446 unsa
1023 389 1073 444 rx.
1289 386 1399 450 (ιω)
1441 370 1442 401 ³

355 531 512 621 Increpat
530 523 684 593 assistens
703 547 712 590 :
731 523 833 589 «Nou
853 521 923 588 haec
940 519 999 586 tibi
1019 514 1133 611 puelia
1154 515 1280 585 Divum
1397 614 1403 628 .

356 655 424 720 Dat
444 663 557 743 pater:
569 644 761 716 armiferum
781 645 816 712 ni
837 644 991 737 protinus
1010 639 1162 734 improba
1184 661 1343 731 eampum
1441 610 1442 691 l

357 773 511 859 Deseris,
526 769 605 838 huic
623 791 751 861 aequam
770 789 887 834 nosces
906 789 968 831 nec
986 759 1122 830 Pallada
1139 759 1307 829 dextrae.»

408 890 501 982 Quid
519 889 617 958 saciat
637 886 777 958 contra?
794 886 917 983 premit
934 885 1014 953 hinc
1035 881 1203 952 Mavortia
1220 881 1352 974 cuspis;
1441 964 1442 973 ἵ

357 1016 445 1084 Hinc
460 1012 566 1108 plenae
584 1012 663 1098 tihi,
683 1034 803 1105 parve,
820 1007 929 1093 colus;
945 1007 1037 1077 lovis
1056 1003 1134 1073 inde
1149 1005 1256 1072 severi
1441 976 1442 1067 l

357 1135 497 1223 Vultus3
515 1135 585 1204 abit
602 1133 673 1203 solo
693 1146 769 1228 post
785 1133 857 1201 haec
873 1129 1002 1199 devicta
1019 1127 1157 1223 pudore.

406 1261 449 1328 At
464 1271 558 1351 pater
572 1255 720 1350 Ogygias
739 1257 877 1324 Mavors
894 1249 1121 1344 circumspicit
1139 1245 1226 1334 alas,

358 1378 638 1471 Horrendumque
654 1380 806 1470 Dryanta
822 1389 953 1460 movet,
972 1373 1027 1442 cui
1045 1369 1218 1465 sanguinis
1234 1382 1356 1436 auctor

357 1499 527 1569 Turbidus
545 1499 670 1584 Orion,
692 1498 902 1590 comitesque
912 1495 1022 1565 odisse
1038 1475 1165 1563 Dianae.

357 1621 441 1691 Inde
457 1620 539 1690 furit
556 1621 724 1714 primum:
744 1619 799 1687 hic
816 1617 968 1686 turbatos
983 1617 1101 1710 arripit
1119 1640 1197 1685 ense

357 1742 520 1829 Arcadas,
539 1756 752 1834 exarmatque
768 1739 888 1809 ducem
905 1765 913 1808 :
933 1739 1022 1808 cadit
1039 1740 1171 1834 agmine
1185 1736 1288 1832 longo

358 1862 512 1959 Cyllenes
530 1860 692 1958 populus,
712 1864 904 1957 Tegeesque
923 1861 1090 1930 habitator
1107 1883 1235 1954 opacae,

359 1986 540 2080 AEpitiique
559 1984 658 2054 duces
674 1981 825 2078 fugiunt,
846 1984 1037 2075 Pheneique
1056 1979 1248 2076 phalanges.

356 2109 471 2200 lpsum
490 2119 601 2174 autem
619 2121 652 2175 et
670 2104 757 2182 lassa
774 2104 847 2174 fidit
864 2119 1079 2198 prosternere
1096 2102 1232 2188 dextra,

358 2229 431 2297 Nec
446 2241 555 2295 servat
571 2228 657 2296 vires
677 2253 685 2294 ε
707 2229 829 2296 etenim
846 2227 912 2296 huc
929 2227 998 2320 jam
1016 2225 1139 2312 sessus,
1158 2239 1191 2292 et
1209 2223 1308 2313 illuc,

357 2349 512 2419 Mutahat
529 2364 655 2418 turmas
672 2375 679 2417 :
699 2363 820 2444 urgent
837 2350 996 2444 praesagia
1015 2345 1106 2416 mille

356 2472 516 2560 Funeris,
537 2487 571 2541 et
589 2472 694 2568 nigrae
714 2470 908 2565 praecedunt
926 2469 1039 2540 nubila
1060 2474 1188 2541 mortis.

357 2596 498 2688 Jamque
516 2595 617 2663 miser
636 2619 729 2663 raros
750 2595 906 2680 comites,
924 2618 1106 2687 verumque
1128 2592 1262 2663 videbat

358 2718 507 2803 Dorcea,
524 2716 594 2809 jam
615 2717 702 2785 vires
719 2714 893 2811 paullatim
910 2716 1087 2785 abscedere
1106 2717 1226 2804 sentit,

360 2838 467 2906 Sentit
484 2853 518 2907 et
536 2839 710 2907 exhaustas
727 2838 866 2916 humero
884 2837 1007 2907 leviore
1023 2839 1206 2934 pharetras.

358 2963 432 3029 lam
450 2960 559 3029 nunus
580 2976 681 3054 atque
698 2961 810 3030 miuus
824 2959 888 3029 sert
902 2986 1012 3050 arma,
1034 2972 1187 3055 puerque
1200 2960 1332 3029 videtur

358 3084 402 3151 Et
419 3083 502 3169 sihi,
522 3107 627 3175 quum
646 3096 742 3153 torva
757 3081 864 3178 clypei
885 3083 1084 3152 metuendus
1102 3083 1227 3151 obarsit

358 3207 450 3273 Luce
470 3207 577 3297 Dryas
596 3230 604 3271 τ
622 3220 748 3273 tremor
764 3229 824 3274 ora
842 3228 962 3299 repens
982 3228 1020 3273 ac
1041 3206 1167 3273 viscera
1186 3204 1282 3272 torsit

358 3325 531 3394 Arcados:
549 3341 658 3419 ,utque
674 3325 736 3395 seri
757 3343 923 3397 vectorem
944 3325 1091 3396 fulminis
1109 3325 1204 3396 albus

358 3446 474 3535 Quum
492 3471 594 3543 supra
610 3450 754 3543 respexit
769 3448 859 3538 olor,
879 3450 972 3544 cupit
991 3450 1119 3518 hiscere
1136 3451 1243 3543 ripam

358 3569 572 3662 Strymonos,
591 3584 624 3639 et
638 3570 784 3665 trepidas
802 3572 836 3640 in
854 3586 989 3666 pectora
1007 3570 1176 3642 contrahit
1196 3569 1286 3639 alas:

357 3691 412 3758 sic
428 3689 586 3783 juvenem
605 3692 681 3760 saevi
702 3703 877 3788 conspecta
897 3692 985 3762 mole
1003 3696 1182 3787 Dryantis,

356 3813 431 3879 Jam
450 3836 517 3881 non
534 3813 584 3881 ira
604 3812 720 3900 subit,
732 3813 787 3883 secl
808 3812 865 3883 leti
884 3816 1023 3885 nuntius
1040 3816 1172 3885 horror.

358 3938 459 4002 Arma
476 3948 604 4023 tamen,
623 3934 745 4004 srustra
765 3940 910 4031 Superos
927 3938 1139 4032 Triviamque
1160 3950 1322 4031 precatus,

356 4052 496 4124 Molitur
514 4054 660 4151 pallens,
680 4073 714 4126 et
732 4058 850 4127 surdos
871 4057 1005 4154 expedit
1022 4085 1129 4129 arcus.
