2934 4950
345 421 398 478 152
689 421 718 474 P.
742 419 865 476 PUBLII
886 418 1010 474 STATII
1293 422 1392 485 (tr-19.)

388 555 432 621 At
450 566 505 639 tu,
523 574 582 618 seu
601 550 759 619 membris
776 543 914 620 emissus
929 551 964 619 in
983 548 1088 618 ardua
1106 547 1230 638 tendis,

340 671 583 768 Fulgenteaque
604 669 734 766 plagas,
755 695 936 763 rerumque
953 667 1117 740 elementa
1132 696 1300 756 recenses,

339 795 427 886 Quis
447 793 544 883 deus,
565 791 655 862 unde
672 795 780 888 ignes,
798 817 872 885 quae
891 790 992 861 ducat
1009 793 1127 862 semita
1138 790 1265 881 Solem,

339 919 426 1007 Quae
441 917 573 985 minuat
587 914 752 1002 Phoeben,
771 937 911 1008 quaeque
931 913 1099 1009 integrare
1116 913 1274 984 latentem

340 1039 449 1108 Causa
470 1052 590 1132 queat,
604 1035 762 1129 doctique
779 1035 896 1106 modos
910 1035 1061 1106 extendis
1080 1037 1190 1124 Arati3

339 1161 406 1230 Seu
424 1173 463 1228 tu
483 1158 611 1228 Lethaei
628 1171 756 1248 secreto
774 1158 810 1226 in
827 1153 977 1253 gramine
993 1159 1103 1252 campi

339 1279 488 1354 Consilia
505 1281 646 1350 heroum
663 1279 759 1372 juxta
776 1281 962 1372 Manesque
982 1279 1114 1368 beatos,

338 1402 522 1475 Maeonium
540 1407 776 1494 Ascraeumque
795 1423 906 1470 senem
927 1423 997 1468 non
1017 1399 1149 1496 segnior
1167 1402 1288 1472 umbra

338 1521 486 1611 Accolis,
504 1520 738 1616 alternumque
755 1545 871 1608 sonas,
889 1535 923 1591 et
937 1521 1089 1591 carmina
1105 1522 1239 1613 misces;

337 1647 392 1716 Da
406 1670 522 1716 vocem
536 1669 676 1740 magno,
692 1656 800 1738 pater,
811 1615 1060 1738 ¹ingeiriumque
1078 1641 1197 1712 dolori.

385 1770 476 1838 Nam
492 1791 547 1836 me
565 1781 617 1834 ter
637 1764 786 1860 relegens
810 1762 945 1854 coelum,
966 1777 1083 1859 terque
1101 1789 1160 1834 ora
1175 1779 1329 1836 retexens

337 1894 436 1962 Luna
452 1888 543 1958 videt
558 1887 717 1977 residem,
739 1885 898 1982 nullaque
917 1885 1115 1956 Heliconide
1132 1889 1242 1958 tristes

336 2011 507 2082 solantem
525 2035 623 2080 curas
643 2034 652 2079 :
673 2023 753 2078 tuus
772 2024 812 2078 ut
827 2009 911 2078 mihi
929 2007 1078 2078 vultibus
1097 2009 1184 2104 ignis

336 2133 502 2220 lrrubuit,
523 2133 738 2225 cineremque
755 2128 860 2201 oculis
878 2129 1095 2200 humentibus
1114 2129 1221 2200 hausi.

336 2252 422 2324 Vilis
436 2256 545 2324 honos
561 2252 680 2323 studiis
698 2278 706 2321 ε
725 2253 782 2320 vix
798 2252 867 2320 haec
885 2251 921 2319 iu
942 2275 1083 2321 munera
1102 2250 1197 2321 solvo

335 2377 487 2446 Primum
501 2375 672 2464 animum,
687 2374 864 2468 tacitisque
879 2373 983 2442 situm
1001 2371 1169 2468 depellere
1187 2375 1276 2447 curis

333 2499 434 2568 Nunc
453 2498 554 2567 etiam
570 2496 702 2567 labente
723 2519 843 2585 manu,
859 2520 928 2569 nec,
942 2494 1071 2566 lumine
1089 2495 1177 2565 sicco

333 2618 474 2706 Ordior,
495 2617 631 2688 acclinis
650 2602 783 2687 tumulo
797 2643 866 2713 quo
886 2615 988 2687 molle
1006 2617 1149 2711 quiescis

331 2744 456 2835 Jugera
472 2754 588 2810 nostra
603 2754 739 2827 tenens3
756 2740 814 2809 ubi
833 2754 910 2833 post
925 2739 1041 2807 AEneia
1055 2738 1122 2809 fata

334 2859 483 2950 Solatus,
497 2862 602 2931 Latiis
621 2862 762 2957 ingessit
775 2860 946 2930 montibus
964 2858 1085 2931 Albam

331 2983 512 3072 Ascanius,
530 2983 678 3079 Phrygio
693 2980 775 3051 dum
795 2983 938 3078 pingues
958 2984 1120 3079 sanguine
1138 3008 1273 3081 campos

332 3102 431 3192 Odit,
447 3118 481 3174 et
498 3102 650 3173 infaustae
664 3128 808 3199 regnum
825 3102 936 3174 dotale
954 3128 1116 3174 novercae.

329 3225 392 3294 His
411 3250 475 3321 ego
492 3239 526 3295 te
540 3224 639 3323 (nam
658 3225 784 3295 Sicanii
801 3250 869 3297 non
886 3226 1000 3296 mitius
1016 3224 1109 3297 halat

329 3349 421 3417 Aura
438 3348 546 3436 croci,
566 3345 651 3417 dites
668 3372 731 3417 nec
749 3348 857 3417 sicubi
873 3372 949 3417 rara
970 3347 1075 3419 sabaei

328 3469 510 3558 Cinnama,
528 3468 685 3567 odoratas
704 3494 766 3539 nec
787 3469 896 3541 Arabs
913 3469 1078 3566 decerpsit
1096 3474 1236 3571 aristas)

329 3592 500 3661 Insertum
519 3617 598 3661 cum
613 3589 712 3662 laude
728 3590 830 3683 locis,
851 3606 884 3662 te
902 3595 1050 3664 carmine
1062 3593 1186 3692 plango

329 3712 440 3783 Pierio
458 3737 578 3784 :sume
596 3715 658 3784 hos
676 3716 841 3811 gemitus,
860 3729 893 3785 et
913 3741 1055 3787 munera
1072 3720 1159 3803 nati,

327 3836 374 3903 Et
393 3833 572 3931 lacrymas,
589 3838 658 3906 cari
676 3862 760 3931 quas
777 3862 953 3933 nunquam
973 3839 1119 3909 habuere
1139 3857 1308 3935 parentes.

375 3960 487 4051 Atque
507 3959 637 4027 utinam
656 3959 792 4047 fortuna
809 3962 891 4031 mibi
909 3961 988 4033 dare
1005 3963 1164 4033 Manibus
1183 3989 1258 4035 aras

326 4080 393 4151 Par
411 4079 543 4174 templis
563 4105 670 4176 opus,
690 4084 881 4179 aeriamque
899 4083 1040 4156 educere
1059 4086 1182 4156 molem
