2934 4950
357 299 413 357 160
662 297 874 356 ruusimos
894 297 1004 354 num
1025 297 1074 352 nt
1274 311 1315 372 (s.
1331 312 1409 374 sae.)

353 423 449 494 lllam
470 437 641 492 nutantem
659 447 796 508 nemus,
815 437 848 490 et
863 447 960 490 mous
978 423 1049 516 ipse
1068 421 1245 506 tremiscit,

353 547 430 634 Qua
448 542 566 614 tellure
583 542 700 633 eadat,
721 568 803 637 quas
820 543 943 612 obruat
961 541 1080 610 ordine
1101 539 1209 610 silvas.

403 668 480 737 Non
499 679 608 734 tamen
627 679 685 733 aut
702 687 833 752 ensem,
853 661 1021 758 galeamve
1040 658 1179 731 audacia
1197 660 1362 753 cuiquam

354 789 502 879 Tangere
519 811 527 853 :
544 786 600 854 vix
620 781 762 853 credunt
779 780 905 871 oculis,
926 782 1143 877 ingentiaque
1160 780 1305 848 horrent

356 910 486 975 Funera
496 958 505 993 ,
515 922 557 975 et
573 904 739 974 adstrictis
754 903 918 973 accedunt
935 903 1087 971 cominus
1106 901 1217 969 armis

354 1025 504 1095 Tandem
526 1024 608 1093 adiit
623 1028 794 1118 Hypseus,
813 1020 1036 1118 capulumque
1056 1023 1092 1089 iu
1108 1033 1214 1088 morte
1232 1019 1368 1087 tenenti

356 1147 526 1232 Extrahit,
544 1161 576 1214 et
594 1160 706 1238 torvos
724 1143 849 1213 laxavit
865 1143 992 1212 casside
1011 1139 1142 1210 vultus:

355 1269 451 1359 Itque
470 1290 530 1358 per
547 1265 672 1334 Aonios
692 1262 759 1356 alte
779 1288 939 1332 mucrone
957 1287 1096 1332 corusco

355 1389 556 1480 Suspensum
571 1399 739 1453 ostentans
755 1382 904 1477 galeam,
924 1397 958 1451 et
976 1380 1122 1451 clamore
1142 1381 1316 1474 superbit:
1341 1417 1345 1424 ·

357 1536 373 1572 u
387 1507 450 1575 Hic
468 1505 556 1574 ferus
576 1501 811 1598 Hippomedon
832 1528 840 1570 r
860 1503 916 1572 hic
936 1500 1154 1571 formidabilis
1171 1500 1263 1570 ultor

356 1624 484 1720 Tydeos
504 1623 649 1710 infandi,
668 1621 919 1717 debellatorque
937 1623 1066 1692 cruenti

357 1746 545 1840 Gurgitis.»
563 1745 711 1838 Agnovit
728 1741 844 1838 longe,
864 1745 1050 1836 pressitque
1069 1741 1219 1810 dolorem

358 1866 592 1960 Magnanimus
610 1867 804 1957 Capaneus,
824 1861 993 1957 telumque
1010 1865 1154 1932 immane
1169 1861 1294 1931 laoerto

358 1991 520 2055 Hortatur
537 1983 686 2052 librans:
707 2013 724 2048 a
736 1982 823 2053 Ades
841 2009 862 2052 o
881 1986 982 2071 mihi,
1002 1983 1155 2072 dextera,
1174 1997 1307 2053 tantum

358 2109 410 2175 Tu
427 2130 569 2200 praesens
585 2103 695 2190 bellis,
715 2119 749 2172 et
769 2100 960 2172 inevitabile
979 2129 1120 2191 numen,

358 2229 406 2294 Te
422 2251 523 2312 voco,
543 2239 575 2293 te
589 2222 698 2292 solam
718 2226 886 2318 Superum
902 2239 1090 2294 contemtor
1109 2223 1256 2293 adoro.»

408 2347 462 2414 Sic
480 2347 541 2430 ait,
563 2359 595 2413 et
613 2346 683 2413 voti
703 2369 773 2413 sese
792 2341 872 2413 facit
890 2345 960 2438 ipse
979 2358 1157 2437 potentem.

359 2469 390 2535 lt
407 2457 624 2535 tremebunda
643 2465 731 2534 abies
751 2462 901 2559 clypeum
922 2481 1033 2559 peret
1052 2490 1137 2535 aerea
1154 2481 1247 2562 terga

359 2587 503 2673 Loricae,
521 2583 721 2679 tandemque
740 2588 886 2655 animam
905 2586 967 2654 sub
987 2602 1122 2681 pectore
1143 2612 1268 2682 magno

360 2706 568 2801 Deprendit:
588 2708 655 2775 ruit
673 2704 763 2774 haud
783 2705 848 2775 alio
867 2732 965 2799 quam
983 2706 1066 2775 celsa
1088 2708 1221 2802 fragore

360 2828 492 2913 Turris,
514 2826 570 2894 ubi
591 2827 784 2895 innumeros
800 2828 931 2918 penitus
947 2843 1099 2920 quassata
1118 2853 1179 2922 per
1196 2830 1281 2897 ictus

361 2948 509 3033 Labitur,
528 2946 763 3040 effractamque
781 2948 889 3038 aperit
907 2948 1085 3016 victoribus
1102 2948 1232 3016 urbem.

360 3069 421 3137 Cui
446 3090 545 3161 super
565 3066 732 3161 assistens,
754 3094 770 3129 ι(
782 3067 860 3134 Non
880 3065 1061 3135 infitiamur
1082 3067 1243 3135 honorem

361 3189 497 3273 Mortis,
517 3188 564 3257 ait
584 3211 591 3253 :
611 3186 695 3254 refer
715 3185 782 3253 huc
802 3184 933 3271 oculos,
955 3210 1017 3280 ego
1036 3184 1181 3255 vulneris
1195 3201 1320 3256 auctor.

363 3310 469 3375 Latus
490 3307 563 3395 ahi,
584 3304 790 3399 multumque
807 3304 878 3374 aliis
892 3307 1073 3399 jactantior
1089 3308 1254 3377 mnbris.»

360 3430 454 3496 Tunc
473 3451 604 3513 ensem,
626 3425 819 3521 galeamque
834 3428 939 3520 rapit,
959 3425 1177 3521 clypeumque
1195 3426 1321 3498 revellit

361 3548 483 3641 Ipsius,
503 3548 752 3641 exanimemque
771 3561 887 3617 tenens
908 3570 1006 3640 super
1024 3548 1306 3643 Hippomedonta,

361 3668 527 3760 «Accipe,
548 3669 610 3754 ait,
628 3665 726 3737 simul
747 3665 900 3753 hostiles,
920 3651 987 3735 driu
1006 3693 1144 3763 magne,
1163 3674 1300 3763 tuasque

361 3789 505 3855 Exuvias
524 3814 531 3855 ε
553 3790 661 3858 veniet
678 3791 780 3858 cineri
796 3789 913 3875 decus,
936 3804 969 3857 et
987 3815 1066 3860 suus
1088 3789 1172 3859 ordo

361 3909 517 3977 Manibus
538 3934 545 3976 :
568 3910 692 3978 interea
708 3911 816 4003 justos
836 3911 915 3980 dum
933 3911 1103 3980 reddimus
1121 3913 1229 4006 ignes,
