<?xml version="1.0" encoding="UTF-8"?>
<!DOCTYPE html PUBLIC "-//W3C//DTD XHTML 1.0 Transitional//EN"
    "http://www.w3.org/TR/xhtml1/DTD/xhtml1-transitional.dtd">
<html xmlns="http://www.w3.org/1999/xhtml" xml:lang="en" lang="en">
 <head>
  <title>
</title>
<meta http-equiv="Content-Type" content="text/html;charset=utf-8" />
  <meta name='ocr-system' content='tesseract 3.04.00' />
  <meta name='ocr-capabilities' content='ocr_page ocr_carea ocr_par ocr_line ocrx_word'/>
</head>
<body>
  <div class='ocr_page' id='page_1' title='image "./operaquaeextant01dbgoog_0102.png"; bbox 0 0 2934 4950; ppageno 0'>
   <div class='ocr_carea' id='block_1_1' title="bbox 72 433 1112 506">
    <p class='ocr_par' dir='ltr' id='par_1_1' title="bbox 72 433 1112 506">
     <span class='ocr_line' id='line_1_1' title="bbox 72 433 1112 506; baseline 0.018 -19"><span class='ocrx_word' id='word_1_1' title='bbox 72 439 101 498; x_wconf 69' lang='lat' dir='ltr'><strong>it.</strong></span> <span class='ocrx_word' id='word_1_2' title='bbox 111 439 164 502; x_wconf 73' lang='grc' dir='ltr'><strong>ιι.)</strong></span> <span class='ocrx_word' id='word_1_3' title='bbox 390 435 591 496; x_wconf 71' lang='lat' dir='ltr'><strong>SILVARUM,</strong></span> <span class='ocrx_word' id='word_1_4' title='bbox 602 433 711 490; x_wconf 76' lang='lat' dir='ltr'>LIBER</span> <span class='ocrx_word' id='word_1_5' title='bbox 732 436 782 491; x_wconf 89' lang='lat' dir='ltr'><strong>lll.</strong></span> <span class='ocrx_word' id='word_1_6' title='bbox 1077 454 1112 506; x_wconf 85' lang='lat'><strong>77</strong></span> 
     </span>
    </p>
   </div>
   <div class='ocr_carea' id='block_1_2' title="bbox 72 560 1123 4149">
    <p class='ocr_par' dir='ltr' id='par_1_2' title="bbox 72 560 1024 1017">
     <span class='ocr_line' id='line_1_2' title="bbox 72 560 1024 656; baseline -0.006 -22"><span class='ocrx_word' id='word_1_7' title='bbox 72 568 138 634; x_wconf 79' lang='lat' dir='ltr'><strong>Nec</strong></span> <span class='ocrx_word' id='word_1_8' title='bbox 152 561 338 656; x_wconf 71' lang='lat' dir='ltr'><strong>querenda</strong></span> <span class='ocrx_word' id='word_1_9' title='bbox 353 560 414 632; x_wconf 91' lang='lat' dir='ltr'><strong>diu</strong></span> <span class='ocrx_word' id='word_1_10' title='bbox 430 589 439 631; x_wconf 72' lang='grc' dir='ltr'><strong><em>ε</em></strong></span> <span class='ocrx_word' id='word_1_11' title='bbox 457 561 559 632; x_wconf 87' lang='lat' dir='ltr'><strong>modo</strong></span> <span class='ocrx_word' id='word_1_12' title='bbox 576 585 654 631; x_wconf 88' lang='lat' dir='ltr'><strong>nam</strong></span> <span class='ocrx_word' id='word_1_13' title='bbox 668 575 761 630; x_wconf 89' lang='lat' dir='ltr'><strong>trans</strong></span> <span class='ocrx_word' id='word_1_14' title='bbox 777 584 911 656; x_wconf 74' lang='lat' dir='ltr'><strong>equora</strong></span> <span class='ocrx_word' id='word_1_15' title='bbox 927 565 1024 634; x_wconf 84' lang='lat' dir='ltr'><strong>terris</strong></span> 
     </span>
     <span class='ocr_line' id='line_1_3' title="bbox 73 680 992 778; baseline -0.004 -26"><span class='ocrx_word' id='word_1_16' title='bbox 73 685 182 752; x_wconf 75' lang='lat' dir='ltr'><strong>Pdma</strong></span> <span class='ocrx_word' id='word_1_17' title='bbox 199 681 397 752; x_wconf 80' lang='lat' dir='ltr'><strong>Dicarcheis</strong></span> <span class='ocrx_word' id='word_1_18' title='bbox 412 680 572 752; x_wconf 91' lang='lat' dir='ltr'><strong>Pharium</strong></span> <span class='ocrx_word' id='word_1_19' title='bbox 587 681 696 778; x_wconf 87' lang='lat' dir='ltr'><strong>gravis</strong></span> <span class='ocrx_word' id='word_1_20' title='bbox 717 681 832 756; x_wconf 83' lang='lat' dir='ltr'><strong>intulit</strong></span> <span class='ocrx_word' id='word_1_21' title='bbox 848 705 992 752; x_wconf 77' lang='lat' dir='ltr'><strong>minum:</strong></span> 
     </span>
     <span class='ocr_line' id='line_1_4' title="bbox 72 800 898 896; baseline 0 -24"><span class='ocrx_word' id='word_1_22' title='bbox 72 805 184 872; x_wconf 84' lang='lat' dir='ltr'><strong>Prima</strong></span> <span class='ocrx_word' id='word_1_23' title='bbox 203 800 359 872; x_wconf 81' lang='lat' dir='ltr'><strong>salutarit</strong></span> <span class='ocrx_word' id='word_1_24' title='bbox 374 803 535 896; x_wconf 75' lang='lat' dir='ltr'>Capreas,</span> <span class='ocrx_word' id='word_1_25' title='bbox 558 816 593 871; x_wconf 89' lang='lat' dir='ltr'><strong>et</strong></span> <span class='ocrx_word' id='word_1_26' title='bbox 607 801 759 896; x_wconf 79' lang='lat' dir='ltr'>margine</span> <span class='ocrx_word' id='word_1_27' title='bbox 780 800 898 873; x_wconf 82' lang='lat' dir='ltr'><strong>dextro</strong></span> 
     </span>
     <span class='ocr_line' id='line_1_5' title="bbox 73 921 886 1017; baseline -0.002 -25"><span class='ocrx_word' id='word_1_28' title='bbox 73 923 205 1017; x_wconf 76' lang='lat' dir='ltr'><strong>Sparsit</strong></span> <span class='ocrx_word' id='word_1_29' title='bbox 221 921 402 1016; x_wconf 75' lang='lat' dir='ltr'><strong>Tyrrhenae</strong></span> <span class='ocrx_word' id='word_1_30' title='bbox 417 923 603 994; x_wconf 86' lang='lat' dir='ltr'><strong>Mareotica</strong></span> <span class='ocrx_word' id='word_1_31' title='bbox 617 922 695 991; x_wconf 87' lang='lat' dir='ltr'><strong>vina</strong></span> <span class='ocrx_word' id='word_1_32' title='bbox 714 924 886 996; x_wconf 71' lang='lat' dir='ltr'><strong>Minervas.</strong></span> 
     </span>
    </p>

    <p class='ocr_par' dir='ltr' id='par_1_3' title="bbox 74 1040 938 1378">
     <span class='ocr_line' id='line_1_6' title="bbox 75 1040 920 1139; baseline 0.001 -27"><span class='ocrx_word' id='word_1_33' title='bbox 75 1045 186 1137; x_wconf 85' lang='lat' dir='ltr'><strong>Hujus</strong></span> <span class='ocrx_word' id='word_1_34' title='bbox 202 1057 383 1138; x_wconf 85' lang='lat' dir='ltr'><strong>utrumque</strong></span> <span class='ocrx_word' id='word_1_35' title='bbox 400 1041 486 1112; x_wconf 87' lang='lat' dir='ltr'><strong>latus</strong></span> <span class='ocrx_word' id='word_1_36' title='bbox 499 1040 595 1112; x_wconf 88' lang='lat' dir='ltr'><strong>molli</strong></span> <span class='ocrx_word' id='word_1_37' title='bbox 613 1043 805 1139; x_wconf 72' lang='lat' dir='ltr'><strong>praecingite</strong></span> <span class='ocrx_word' id='word_1_38' title='bbox 822 1068 920 1138; x_wconf 83' lang='lat' dir='ltr'><strong>gyro;</strong></span> 
     </span>
     <span class='ocr_line' id='line_1_7' title="bbox 74 1162 865 1258; baseline -0.001 -26"><span class='ocrx_word' id='word_1_39' title='bbox 74 1165 277 1258; x_wconf 78' lang='lat' dir='ltr'><strong>Partitaeque</strong></span> <span class='ocrx_word' id='word_1_40' title='bbox 292 1164 396 1252; x_wconf 82' lang='lat' dir='ltr'><strong>vices,</strong></span> <span class='ocrx_word' id='word_1_41' title='bbox 408 1188 467 1232; x_wconf 85' lang='lat' dir='ltr'><strong>vos</strong></span> <span class='ocrx_word' id='word_1_42' title='bbox 481 1176 621 1258; x_wconf 87' lang='lat' dir='ltr'><strong>stuppeo</strong></span> <span class='ocrx_word' id='word_1_43' title='bbox 637 1162 767 1232; x_wconf 84' lang='lat' dir='ltr'><strong>tendite</strong></span> <span class='ocrx_word' id='word_1_44' title='bbox 786 1162 865 1232; x_wconf 90' lang='lat' dir='ltr'><strong>mali</strong></span> 
     </span>
     <span class='ocr_line' id='line_1_8' title="bbox 76 1280 938 1378; baseline 0.002 -26"><span class='ocrx_word' id='word_1_45' title='bbox 76 1281 238 1371; x_wconf 84' lang='lat' dir='ltr'>Vincula,</span> <span class='ocrx_word' id='word_1_46' title='bbox 259 1307 317 1354; x_wconf 88' lang='lat' dir='ltr'><strong>vos</strong></span> <span class='ocrx_word' id='word_1_47' title='bbox 336 1283 475 1352; x_wconf 90' lang='lat' dir='ltr'><strong>summis</strong></span> <span class='ocrx_word' id='word_1_48' title='bbox 492 1283 659 1352; x_wconf 88' lang='lat' dir='ltr'><strong>annectite</strong></span> <span class='ocrx_word' id='word_1_49' title='bbox 676 1307 822 1378; x_wconf 84' lang='lat' dir='ltr'><strong>suppara</strong></span> <span class='ocrx_word' id='word_1_50' title='bbox 840 1280 938 1371; x_wconf 85' lang='lat' dir='ltr'><strong>velis,</strong></span> 
     </span>
    </p>

    <p class='ocr_par' dir='ltr' id='par_1_4' title="bbox 77 1402 1115 2221">
     <span class='ocr_line' id='line_1_9' title="bbox 77 1402 1030 1500; baseline 0 -28"><span class='ocrx_word' id='word_1_51' title='bbox 77 1408 142 1473; x_wconf 87' lang='lat' dir='ltr'><strong>Vos</strong></span> <span class='ocrx_word' id='word_1_52' title='bbox 160 1403 323 1499; x_wconf 81' lang='lat' dir='ltr'><strong>Zephyris</strong></span> <span class='ocrx_word' id='word_1_53' title='bbox 342 1404 470 1498; x_wconf 85' lang='lat' dir='ltr'><strong>aperite</strong></span> <span class='ocrx_word' id='word_1_54' title='bbox 486 1402 578 1473; x_wconf 88' lang='lat' dir='ltr'><strong>sinus</strong></span> <span class='ocrx_word' id='word_1_55' title='bbox 595 1427 697 1497; x_wconf 82' lang='lat' dir='ltr'><strong>:pars</strong></span> <span class='ocrx_word' id='word_1_56' title='bbox 714 1417 859 1472; x_wconf 88' lang='lat' dir='ltr'><strong>transtra</strong></span> <span class='ocrx_word' id='word_1_57' title='bbox 874 1419 1030 1500; x_wconf 84' lang='lat' dir='ltr'><strong>reponat,</strong></span> 
     </span>
     <span class='ocr_line' id='line_1_10' title="bbox 77 1521 954 1618; baseline -0.001 -26"><span class='ocrx_word' id='word_1_58' title='bbox 77 1528 156 1593; x_wconf 87' lang='lat' dir='ltr'><strong>Pars</strong></span> <span class='ocrx_word' id='word_1_59' title='bbox 171 1522 324 1592; x_wconf 76' lang='lat' dir='ltr'><strong>demittat</strong></span> <span class='ocrx_word' id='word_1_60' title='bbox 340 1524 436 1616; x_wconf 86' lang='lat' dir='ltr'><strong>aquis</strong></span> <span class='ocrx_word' id='word_1_61' title='bbox 451 1547 561 1592; x_wconf 77' lang='lat' dir='ltr'><strong>curve</strong></span> <span class='ocrx_word' id='word_1_62' title='bbox 575 1521 805 1592; x_wconf 82' lang='lat' dir='ltr'><strong>moderamina</strong></span> <span class='ocrx_word' id='word_1_63' title='bbox 820 1524 954 1618; x_wconf 84' lang='lat' dir='ltr'>puppis.</span> 
     </span>
     <span class='ocr_line' id='line_1_11' title="bbox 81 1641 987 1740; baseline 0 -26"><span class='ocrx_word' id='word_1_64' title='bbox 81 1646 151 1714; x_wconf 90' lang='lat' dir='ltr'><strong>Sint</strong></span> <span class='ocrx_word' id='word_1_65' title='bbox 170 1644 293 1739; x_wconf 89' lang='lat' dir='ltr'><strong>quibus</strong></span> <span class='ocrx_word' id='word_1_66' title='bbox 307 1641 459 1739; x_wconf 83' lang='lat' dir='ltr'>exploret</span> <span class='ocrx_word' id='word_1_67' title='bbox 477 1667 578 1739; x_wconf 89' lang='lat' dir='ltr'><strong>rupes</strong></span> <span class='ocrx_word' id='word_1_68' title='bbox 594 1643 704 1738; x_wconf 85' lang='lat' dir='ltr'><strong>gravis</strong></span> <span class='ocrx_word' id='word_1_69' title='bbox 716 1658 789 1714; x_wconf 90' lang='lat' dir='ltr'><strong>arte</strong></span> <span class='ocrx_word' id='word_1_70' title='bbox 805 1642 987 1740; x_wconf 81' lang='lat' dir='ltr'><strong>molybdis,</strong></span> 
     </span>
     <span class='ocr_line' id='line_1_12' title="bbox 80 1761 977 1860; baseline -0.004 -24"><span class='ocrx_word' id='word_1_71' title='bbox 80 1769 231 1859; x_wconf 78' lang='lat' dir='ltr'><strong>Quaeque</strong></span> <span class='ocrx_word' id='word_1_72' title='bbox 243 1778 432 1835; x_wconf 86' lang='lat' dir='ltr'><strong>secuturam</strong></span> <span class='ocrx_word' id='word_1_73' title='bbox 443 1761 587 1860; x_wconf 88' lang='lat' dir='ltr'><strong>religent</strong></span> <span class='ocrx_word' id='word_1_74' title='bbox 602 1778 680 1858; x_wconf 91' lang='lat' dir='ltr'><strong>post</strong></span> <span class='ocrx_word' id='word_1_75' title='bbox 693 1779 786 1859; x_wconf 86' lang='lat' dir='ltr'><strong>terga</strong></span> <span class='ocrx_word' id='word_1_76' title='bbox 802 1762 977 1858; x_wconf 77' lang='lat' dir='ltr'>phaselon,</span> 
     </span>
     <span class='ocr_line' id='line_1_13' title="bbox 82 1882 938 1980; baseline -0.005 -24"><span class='ocrx_word' id='word_1_77' title='bbox 82 1891 244 1979; x_wconf 88' lang='lat' dir='ltr'><strong>Uncaque</strong></span> <span class='ocrx_word' id='word_1_78' title='bbox 259 1885 438 1954; x_wconf 79' lang='lat' dir='ltr'><strong>submersae</strong></span> <span class='ocrx_word' id='word_1_79' title='bbox 456 1886 590 1980; x_wconf 89' lang='lat' dir='ltr'><strong>penitus</strong></span> <span class='ocrx_word' id='word_1_80' title='bbox 604 1883 789 1954; x_wconf 88' lang='lat' dir='ltr'><strong>retinacula</strong></span> <span class='ocrx_word' id='word_1_81' title='bbox 804 1882 938 1954; x_wconf 80' lang='lat' dir='ltr'><strong>vellant.</strong></span> 
     </span>
     <span class='ocr_line' id='line_1_14' title="bbox 84 2002 1115 2100; baseline -0.009 -25"><span class='ocrx_word' id='word_1_82' title='bbox 84 2009 259 2100; x_wconf 80' lang='lat' dir='ltr'><strong>Temperet</strong></span> <span class='ocrx_word' id='word_1_83' title='bbox 277 2004 349 2074; x_wconf 80' lang='lat' dir='ltr'><strong>haec</strong></span> <span class='ocrx_word' id='word_1_84' title='bbox 367 2019 480 2094; x_wconf 72' lang='lat' dir='ltr'><strong>astus,</strong></span> <span class='ocrx_word' id='word_1_85' title='bbox 497 2002 701 2099; x_wconf 80' lang='lat' dir='ltr'><strong>pelagusque</strong></span> <span class='ocrx_word' id='word_1_86' title='bbox 718 2002 857 2073; x_wconf 88' lang='lat' dir='ltr'><strong>inclinet</strong></span> <span class='ocrx_word' id='word_1_87' title='bbox 876 2003 1051 2074; x_wconf 90' lang='lat' dir='ltr'><strong>adortus:</strong></span> <span class='ocrx_word' id='word_1_88' title='bbox 1105 2055 1115 2066; x_wconf 93' lang='lat'>.</span> 
     </span>
     <span class='ocr_line' id='line_1_15' title="bbox 85 2121 831 2221; baseline -0.007 -24"><span class='ocrx_word' id='word_1_89' title='bbox 85 2127 205 2197; x_wconf 85' lang='lat' dir='ltr'><strong>Officio</strong></span> <span class='ocrx_word' id='word_1_90' title='bbox 221 2138 332 2195; x_wconf 90' lang='lat' dir='ltr'><strong>careat</strong></span> <span class='ocrx_word' id='word_1_91' title='bbox 347 2123 541 2221; x_wconf 81' lang='lat' dir='ltr'><strong>glaucarum</strong></span> <span class='ocrx_word' id='word_1_92' title='bbox 558 2121 651 2194; x_wconf 90' lang='lat' dir='ltr'><strong>nulla</strong></span> <span class='ocrx_word' id='word_1_93' title='bbox 667 2148 831 2194; x_wconf 88' lang='lat' dir='ltr'><strong>sororum.</strong></span> 
     </span>
    </p>

    <p class='ocr_par' dir='ltr' id='par_1_5' title="bbox 86 2243 1123 2679">
     <span class='ocr_line' id='line_1_16' title="bbox 128 2243 1123 2340; baseline 0.003 -28"><span class='ocrx_word' id='word_1_94' title='bbox 128 2276 147 2312; x_wconf 74' lang='grc' dir='ltr'><strong>α</strong></span> <span class='ocrx_word' id='word_1_95' title='bbox 158 2246 245 2317; x_wconf 86' lang='lat' dir='ltr'><strong>Huic</strong></span> <span class='ocrx_word' id='word_1_96' title='bbox 254 2243 362 2316; x_wconf 90' lang='lat' dir='ltr'><strong>multo</strong></span> <span class='ocrx_word' id='word_1_97' title='bbox 370 2249 527 2333; x_wconf 86' lang='lat' dir='ltr'><strong>Proteus,</strong></span> <span class='ocrx_word' id='word_1_98' title='bbox 541 2245 741 2340; x_wconf 90' lang='lat' dir='ltr'><strong>geminoque</strong></span> <span class='ocrx_word' id='word_1_99' title='bbox 755 2243 837 2315; x_wconf 89' lang='lat' dir='ltr'><strong>huic</strong></span> <span class='ocrx_word' id='word_1_100' title='bbox 852 2269 993 2340; x_wconf 86' lang='lat' dir='ltr'><strong>corpore</strong></span> <span class='ocrx_word' id='word_1_101' title='bbox 1004 2245 1123 2315; x_wconf 84' lang='lat' dir='ltr'><strong>Triton</strong></span> 
     </span>
     <span class='ocr_line' id='line_1_17' title="bbox 86 2363 1012 2460; baseline 0 -24"><span class='ocrx_word' id='word_1_102' title='bbox 86 2371 261 2454; x_wconf 76' lang='lat' dir='ltr'><strong>Praenatet3</strong></span> <span class='ocrx_word' id='word_1_103' title='bbox 279 2380 313 2436; x_wconf 88' lang='lat' dir='ltr'><strong>et</strong></span> <span class='ocrx_word' id='word_1_104' title='bbox 328 2365 446 2435; x_wconf 89' lang='lat' dir='ltr'><strong>subitis</strong></span> <span class='ocrx_word' id='word_1_105' title='bbox 461 2365 520 2459; x_wconf 92' lang='lat' dir='ltr'><strong>qui</strong></span> <span class='ocrx_word' id='word_1_106' title='bbox 536 2363 682 2460; x_wconf 86' lang='lat' dir='ltr'><strong>perdidit</strong></span> <span class='ocrx_word' id='word_1_107' title='bbox 697 2367 838 2460; x_wconf 87' lang='lat' dir='ltr'><strong>inguina</strong></span> <span class='ocrx_word' id='word_1_108' title='bbox 854 2367 1012 2436; x_wconf 84' lang='lat' dir='ltr'><strong>monstris</strong></span> 
     </span>
     <span class='ocr_line' id='line_1_18' title="bbox 89 2483 924 2581; baseline -0.002 -23"><span class='ocrx_word' id='word_1_109' title='bbox 89 2488 251 2578; x_wconf 78' lang='lat' dir='ltr'><strong>Glaucus,</strong></span> <span class='ocrx_word' id='word_1_110' title='bbox 272 2487 383 2558; x_wconf 90' lang='lat' dir='ltr'><strong>adhuc</strong></span> <span class='ocrx_word' id='word_1_111' title='bbox 402 2487 532 2581; x_wconf 76' lang='lat' dir='ltr'><strong>quoties</strong></span> <span class='ocrx_word' id='word_1_112' title='bbox 547 2487 664 2581; x_wconf 90' lang='lat' dir='ltr'><strong>patriis</strong></span> <span class='ocrx_word' id='word_1_113' title='bbox 680 2483 838 2556; x_wconf 88' lang='lat' dir='ltr'><strong>allabitur</strong></span> <span class='ocrx_word' id='word_1_114' title='bbox 856 2488 924 2557; x_wconf 91' lang='lat' dir='ltr'><strong>oris</strong></span> 
     </span>
     <span class='ocr_line' id='line_1_19' title="bbox 89 2586 874 2679; baseline -0.003 -2"><span class='ocrx_word' id='word_1_115' title='bbox 89 2611 254 2679; x_wconf 86' lang='lat' dir='ltr'><strong>litoream</strong></span> <span class='ocrx_word' id='word_1_116' title='bbox 268 2606 392 2677; x_wconf 89' lang='lat' dir='ltr'><strong>blanda</strong></span> <span class='ocrx_word' id='word_1_117' title='bbox 411 2586 532 2676; x_wconf 86' lang='lat' dir='ltr'><strong>seriens</strong></span> <span class='ocrx_word' id='word_1_118' title='bbox 545 2605 747 2678; x_wconf 82' lang='lat' dir='ltr'><strong>Anthedona</strong></span> <span class='ocrx_word' id='word_1_119' title='bbox 759 2605 874 2675; x_wconf 89' lang='lat' dir='ltr'><strong>cauda.</strong></span> 
     </span>
    </p>

    <p class='ocr_par' dir='ltr' id='par_1_6' title="bbox 90 2724 1081 3065">
     <span class='ocr_line' id='line_1_20' title="bbox 133 2724 1081 2816; baseline 0.001 -21"><span class='ocrx_word' id='word_1_120' title='bbox 133 2733 209 2800; x_wconf 75' lang='lat' dir='ltr'><strong>«Tu</strong></span> <span class='ocrx_word' id='word_1_121' title='bbox 220 2743 334 2799; x_wconf 72' lang='lat' dir='ltr'><strong>umen</strong></span> <span class='ocrx_word' id='word_1_122' title='bbox 348 2741 426 2797; x_wconf 90' lang='lat' dir='ltr'><strong>ante</strong></span> <span class='ocrx_word' id='word_1_123' title='bbox 440 2751 572 2814; x_wconf 88' lang='lat' dir='ltr'><strong>omnes,</strong></span> <span class='ocrx_word' id='word_1_124' title='bbox 588 2726 665 2796; x_wconf 87' lang='lat' dir='ltr'><strong>diva</strong></span> <span class='ocrx_word' id='word_1_125' title='bbox 682 2751 760 2796; x_wconf 89' lang='lat' dir='ltr'><strong>cum</strong></span> <span class='ocrx_word' id='word_1_126' title='bbox 776 2740 883 2797; x_wconf 88' lang='lat' dir='ltr'><strong>matre</strong></span> <span class='ocrx_word' id='word_1_127' title='bbox 898 2724 1081 2816; x_wconf 67' lang='lat' dir='ltr'><strong>Palaemon,</strong></span> 
     </span>
     <span class='ocr_line' id='line_1_21' title="bbox 90 2846 1006 2942; baseline -0.002 -23"><span class='ocrx_word' id='word_1_128' title='bbox 90 2854 219 2938; x_wconf 78' lang='lat' dir='ltr'><strong>Annae,</strong></span> <span class='ocrx_word' id='word_1_129' title='bbox 236 2849 266 2918; x_wconf 89' lang='lat' dir='ltr'><strong>si</strong></span> <span class='ocrx_word' id='word_1_130' title='bbox 277 2863 403 2917; x_wconf 76' lang='lat' dir='ltr'><strong>vestras</strong></span> <span class='ocrx_word' id='word_1_131' title='bbox 419 2872 514 2918; x_wconf 91' lang='lat' dir='ltr'><strong>amor</strong></span> <span class='ocrx_word' id='word_1_132' title='bbox 531 2861 582 2916; x_wconf 90' lang='lat' dir='ltr'><strong>est</strong></span> <span class='ocrx_word' id='word_1_133' title='bbox 597 2848 681 2917; x_wconf 92' lang='lat' dir='ltr'><strong>mibi</strong></span> <span class='ocrx_word' id='word_1_134' title='bbox 696 2846 844 2942; x_wconf 86' lang='lat' dir='ltr'><strong>pandere</strong></span> <span class='ocrx_word' id='word_1_135' title='bbox 860 2846 1006 2935; x_wconf 88' lang='lat' dir='ltr'><strong>Thebas,</strong></span> 
     </span>
     <span class='ocr_line' id='line_1_22' title="bbox 92 2967 1008 3065; baseline -0.005 -22"><span class='ocrx_word' id='word_1_136' title='bbox 92 2972 159 3043; x_wconf 82' lang='lat' dir='ltr'><strong>Nec</strong></span> <span class='ocrx_word' id='word_1_137' title='bbox 177 2993 263 3039; x_wconf 86' lang='lat' dir='ltr'><strong>cano</strong></span> <span class='ocrx_word' id='word_1_138' title='bbox 281 2969 439 3065; x_wconf 81' lang='lat' dir='ltr'><strong>degeneri</strong></span> <span class='ocrx_word' id='word_1_139' title='bbox 458 2967 640 3038; x_wconf 86' lang='lat' dir='ltr'><strong>Phoebeum</strong></span> <span class='ocrx_word' id='word_1_140' title='bbox 658 2968 851 3063; x_wconf 80' lang='lat' dir='ltr'><strong>Amphiona</strong></span> <span class='ocrx_word' id='word_1_141' title='bbox 868 2967 1008 3062; x_wconf 89' lang='lat' dir='ltr'><strong>plectro.</strong></span> 
     </span>
    </p>

    <p class='ocr_par' dir='ltr' id='par_1_7' title="bbox 94 3087 1040 4031">
     <span class='ocr_line' id='line_1_23' title="bbox 136 3087 956 3185; baseline 0.005 -30"><span class='ocrx_word' id='word_1_142' title='bbox 136 3093 204 3161; x_wconf 78' lang='lat' dir='ltr'><strong>«Et</strong></span> <span class='ocrx_word' id='word_1_143' title='bbox 215 3104 326 3185; x_wconf 90' lang='lat' dir='ltr'><strong>pater,</strong></span> <span class='ocrx_word' id='word_1_144' title='bbox 344 3087 451 3159; x_wconf 87' lang='lat' dir='ltr'><strong>AEolio</strong></span> <span class='ocrx_word' id='word_1_145' title='bbox 466 3088 591 3184; x_wconf 85' lang='lat' dir='ltr'><strong>frangit</strong></span> <span class='ocrx_word' id='word_1_146' title='bbox 607 3090 666 3184; x_wconf 86' lang='lat' dir='ltr'><strong>qui</strong></span> <span class='ocrx_word' id='word_1_147' title='bbox 678 3113 809 3159; x_wconf 90' lang='lat' dir='ltr'><strong>carcere</strong></span> <span class='ocrx_word' id='word_1_148' title='bbox 824 3104 956 3179; x_wconf 78' lang='lat' dir='ltr'><strong>ventos,</strong></span> 
     </span>
     <span class='ocr_line' id='line_1_24' title="bbox 94 3192 1040 3305; baseline 0 -26"><span class='ocrx_word' id='word_1_149' title='bbox 94 3210 155 3280; x_wconf 87' lang='lat' dir='ltr'><strong>Cui</strong></span> <span class='ocrx_word' id='word_1_150' title='bbox 169 3210 254 3280; x_wconf 82' lang='lat' dir='ltr'><strong>varii</strong></span> <span class='ocrx_word' id='word_1_151' title='bbox 271 3209 386 3299; x_wconf 86' lang='lat' dir='ltr'><strong>flatus,</strong></span> <span class='ocrx_word' id='word_1_152' title='bbox 401 3209 577 3304; x_wconf 87' lang='lat' dir='ltr'><strong>omnisque</strong></span> <span class='ocrx_word' id='word_1_153' title='bbox 596 3233 656 3304; x_wconf 92' lang='lat' dir='ltr'><strong>per</strong></span> <span class='ocrx_word' id='word_1_154' title='bbox 672 3233 806 3304; x_wconf 73' lang='lat' dir='ltr'><strong>aequora</strong></span> <span class='ocrx_word' id='word_1_155' title='bbox 827 3212 924 3305; x_wconf 85' lang='lat' dir='ltr'><strong>ponti</strong></span> <span class='ocrx_word' id='word_1_156' title='bbox 1038 3192 1040 3197; x_wconf 34' lang='lat'>⁵</span> 
     </span>
     <span class='ocr_line' id='line_1_25' title="bbox 95 3327 1023 3425; baseline 0 -24"><span class='ocrx_word' id='word_1_157' title='bbox 95 3332 253 3425; x_wconf 81' lang='lat' dir='ltr'><strong>Spiritus,</strong></span> <span class='ocrx_word' id='word_1_158' title='bbox 266 3345 367 3425; x_wconf 85' lang='lat' dir='ltr'><strong>atque</strong></span> <span class='ocrx_word' id='word_1_159' title='bbox 380 3329 506 3400; x_wconf 87' lang='lat' dir='ltr'><strong>hiemes</strong></span> <span class='ocrx_word' id='word_1_160' title='bbox 523 3327 741 3424; x_wconf 87' lang='lat' dir='ltr'><strong>nimbosaque</strong></span> <span class='ocrx_word' id='word_1_161' title='bbox 757 3329 872 3400; x_wconf 88' lang='lat' dir='ltr'><strong>nubila</strong></span> <span class='ocrx_word' id='word_1_162' title='bbox 890 3346 1023 3425; x_wconf 87' lang='lat' dir='ltr'><strong>parent,</strong></span> 
     </span>
     <span class='ocr_line' id='line_1_26' title="bbox 95 3452 962 3547; baseline 0 -26"><span class='ocrx_word' id='word_1_163' title='bbox 95 3453 222 3522; x_wconf 79' lang='lat' dir='ltr'><strong>Aretias</strong></span> <span class='ocrx_word' id='word_1_164' title='bbox 238 3452 370 3547; x_wconf 88' lang='lat' dir='ltr'><strong>objecto</strong></span> <span class='ocrx_word' id='word_1_165' title='bbox 382 3454 527 3540; x_wconf 89' lang='lat' dir='ltr'><strong>Borean,</strong></span> <span class='ocrx_word' id='word_1_166' title='bbox 539 3455 752 3546; x_wconf 86' lang='lat' dir='ltr'><strong>Eurumque,</strong></span> <span class='ocrx_word' id='word_1_167' title='bbox 768 3452 962 3546; x_wconf 82' lang='lat' dir='ltr'><strong>Notumque</strong></span> 
     </span>
     <span class='ocr_line' id='line_1_27' title="bbox 96 3569 917 3667; baseline -0.002 -25"><span class='ocrx_word' id='word_1_168' title='bbox 96 3574 207 3642; x_wconf 83' lang='lat' dir='ltr'><strong>Monte</strong></span> <span class='ocrx_word' id='word_1_169' title='bbox 225 3585 354 3667; x_wconf 86' lang='lat' dir='ltr'><strong>premat</strong></span> <span class='ocrx_word' id='word_1_170' title='bbox 372 3598 381 3641; x_wconf 72' lang='grc' dir='ltr'><strong>ε</strong></span> <span class='ocrx_word' id='word_1_171' title='bbox 398 3569 460 3641; x_wconf 89' lang='lat' dir='ltr'><strong>soli</strong></span> <span class='ocrx_word' id='word_1_172' title='bbox 478 3571 632 3667; x_wconf 84' lang='lat' dir='ltr'><strong>Zephyro</strong></span> <span class='ocrx_word' id='word_1_173' title='bbox 650 3572 694 3643; x_wconf 87' lang='lat' dir='ltr'><strong>sit</strong></span> <span class='ocrx_word' id='word_1_174' title='bbox 709 3572 806 3665; x_wconf 91' lang='lat' dir='ltr'><strong>copia</strong></span> <span class='ocrx_word' id='word_1_175' title='bbox 823 3569 917 3662; x_wconf 87' lang='lat' dir='ltr'><strong>coeli,</strong></span> 
     </span>
     <span class='ocr_line' id='line_1_28' title="bbox 96 3689 1010 3788; baseline 0.002 -27"><span class='ocrx_word' id='word_1_176' title='bbox 96 3689 189 3761; x_wconf 88' lang='lat' dir='ltr'><strong>Solus</strong></span> <span class='ocrx_word' id='word_1_177' title='bbox 207 3707 449 3788; x_wconf 75' lang='lat' dir='ltr'><strong>agatpuppes3</strong></span> <span class='ocrx_word' id='word_1_178' title='bbox 466 3715 679 3787; x_wconf 82' lang='lat' dir='ltr'><strong>summasque</strong></span> <span class='ocrx_word' id='word_1_179' title='bbox 695 3706 890 3786; x_wconf 88' lang='lat' dir='ltr'><strong>supernatet</strong></span> <span class='ocrx_word' id='word_1_180' title='bbox 905 3692 1010 3763; x_wconf 86' lang='lat' dir='ltr'><strong>undas</strong></span> 
     </span>
     <span class='ocr_line' id='line_1_29' title="bbox 97 3810 893 3910; baseline -0.001 -27"><span class='ocrx_word' id='word_1_181' title='bbox 97 3811 251 3883; x_wconf 78' lang='lat' dir='ltr'><strong>Assiduus</strong></span> <span class='ocrx_word' id='word_1_182' title='bbox 265 3811 401 3910; x_wconf 78' lang='lat' dir='ltr'><strong>petag03</strong></span> <span class='ocrx_word' id='word_1_183' title='bbox 418 3812 525 3883; x_wconf 85' lang='lat' dir='ltr'><strong>donoc</strong></span> <span class='ocrx_word' id='word_1_184' title='bbox 541 3826 614 3901; x_wconf 88' lang='lat' dir='ltr'><strong>tua,</strong></span> <span class='ocrx_word' id='word_1_185' title='bbox 632 3811 768 3882; x_wconf 86' lang='lat' dir='ltr'><strong>turbine</strong></span> <span class='ocrx_word' id='word_1_186' title='bbox 784 3810 893 3901; x_wconf 89' lang='lat' dir='ltr'><strong>nullo,</strong></span> 
     </span>
     <span class='ocr_line' id='line_1_30' title="bbox 100 3932 848 4031; baseline -0.005 -30"><span class='ocrx_word' id='word_1_187' title='bbox 100 3934 186 4002; x_wconf 67' lang='lat' dir='ltr'><strong>lata</strong></span> <span class='ocrx_word' id='word_1_188' title='bbox 203 3934 393 4004; x_wconf 90' lang='lat' dir='ltr'><strong>Paretoniis</strong></span> <span class='ocrx_word' id='word_1_189' title='bbox 407 3933 552 4031; x_wconf 89' lang='lat' dir='ltr'><strong>assignet</strong></span> <span class='ocrx_word' id='word_1_190' title='bbox 569 3933 705 4002; x_wconf 85' lang='lat' dir='ltr'><strong>carbasa</strong></span> <span class='ocrx_word' id='word_1_191' title='bbox 724 3932 848 4027; x_wconf 76' lang='lat' dir='ltr'><strong>ripis.»</strong></span> 
     </span>
    </p>

    <p class='ocr_par' dir='ltr' id='par_1_8' title="bbox 145 4054 1061 4149">
     <span class='ocr_line' id='line_1_31' title="bbox 145 4054 1061 4149; baseline -0.002 -24"><span class='ocrx_word' id='word_1_192' title='bbox 145 4054 306 4127; x_wconf 74' lang='lat' dir='ltr'><strong>ludimur</strong></span> <span class='ocrx_word' id='word_1_193' title='bbox 324 4082 334 4124; x_wconf 79' lang='lat' dir='ltr'><strong><em>z</em></strong></span> <span class='ocrx_word' id='word_1_194' title='bbox 353 4068 450 4125; x_wconf 83' lang='lat' dir='ltr'><strong>vocat</strong></span> <span class='ocrx_word' id='word_1_195' title='bbox 467 4054 538 4149; x_wconf 91' lang='lat' dir='ltr'><strong>ipse</strong></span> <span class='ocrx_word' id='word_1_196' title='bbox 553 4068 675 4146; x_wconf 86' lang='lat' dir='ltr'><strong>ratem,</strong></span> <span class='ocrx_word' id='word_1_197' title='bbox 692 4066 876 4148; x_wconf 85' lang='lat' dir='ltr'><strong>nautasque</strong></span> <span class='ocrx_word' id='word_1_198' title='bbox 893 4068 1061 4126; x_wconf 86' lang='lat' dir='ltr'><strong>morantes</strong></span> 
     </span>
    </p>
   </div>
   <div class='ocr_carea' id='block_1_3' title="bbox 0 0 1508 4950">
    <p class='ocr_par' dir='ltr' id='par_1_9' title="bbox 0 0 1508 4950">
     <span class='ocr_line' id='line_1_32' title="bbox 0 0 1508 4950; baseline 0 0"><span class='ocrx_word' id='word_1_199' title='bbox 0 0 1508 4950; x_wconf 95' lang='lat' dir='ltr'><strong> </strong></span> 
     </span>
    </p>
   </div>
  </div>
 </body>
</html>
