2934 4950
346 361 403 419 286
634 357 891 416 Acflmmos
912 357 1027 416 LIBER
1046 360 1085 417 11.
1279 363 1315 422 (v.
1331 365 1391 423 115.)
1453 432 1454 461 ἢ

345 496 438 561 Rura
461 487 627 579 urbesque
647 499 770 554 vacant
788 511 798 552 ι
817 499 949 554 montes
963 483 1178 580 spoliavimus
1195 485 1293 554 altos.

345 616 454 682 Omne
472 608 596 676 fretum
616 603 719 700 longa
736 601 888 675 velorum
904 605 1074 676 obtexitur
1089 607 1221 678 umbra.

344 731 497 802 Tradunt
515 751 608 798 arma
624 740 755 822 patres,
775 726 846 796 ruit
860 727 1047 797 irrevocata
1064 729 1236 821 juventus.

344 855 423 924 Non
439 850 519 921 alius
539 871 687 944 unquam
703 861 805 918 tanta
821 847 899 917 data
914 849 1011 943 copia
1028 846 1125 919 fama

344 973 519 1061 Fortibus,
538 985 598 1040 aut
617 993 736 1064 campo
753 969 882 1064 majore
899 955 1047 1040 exercita
1067 971 1183 1040 virtus.
1206 1001 1224 1035 ι

345 1094 499 1190 Adspicit
513 1094 697 1180 intentum,
714 1089 874 1186 vigilique
891 1091 962 1160 haec
976 1115 1058 1161 aure
1072 1092 1258 1179 biberim,

344 1215 461 1305 Quum
478 1226 622 1309 paveant
640 1211 726 1298 aliae,
743 1211 952 1307 demissaque
969 1210 1097 1282 lumina
1113 1211 1270 1298 flectant,

345 1341 455 1431 Atque
473 1337 571 1405 iterat
592 1358 601 1403 ε
623 1363 640 1398 α
655 1333 819 1427 Quisquis
836 1334 971 1428 proavis
987 1348 1022 1403 et
1037 1349 1138 1428 gente
1154 1334 1339 1430 superbus,

344 1458 505 1552 QUiSqu'ss
521 1479 609 1560 Ψ)
623 1453 803 1550 jaculoque
817 1470 953 1550 potens,
970 1457 1028 1549 qui
1043 1454 1203 1551 praevalet
1219 1481 1321 1544 men,
1453 1468 1454 1529 1

345 1580 464 1649 Omnis
482 1575 676 1648 honosillic
694 1602 702 1645 ε
721 1573 789 1645 illic
803 1577 951 1672 ingentia
974 1591 1104 1646 certant

344 1701 490 1772 Nomina
508 1725 517 1768 :
536 1700 591 1769 vix
606 1697 732 1768 timide
747 1712 888 1781 matres,
907 1699 963 1766 vix
981 1699 1117 1794 agmina
1133 1715 1269 1770 ooemnt

344 1822 507 1916 Virginea
527 1846 535 1889 τ
554 1820 610 1888 hic
630 1815 774 1889 multum
794 1816 923 1888 steriles
939 1817 1117 1890 &mnatvu
1135 1821 1172 1890 in
1190 1847 1320 1908 annos,

343 1943 542 2035 invisusque
560 1941 658 2025 Deis,
677 1940 706 2009 si
723 1963 826 2034 mem
845 1939 918 2008 hcc
934 1965 1023 2010 nova
1039 1937 1147 2036 gloria
1164 1967 1301 2038 segnem

344 2063 497 2134 Praeterit
517 2087 525 2130 ε
546 2089 566 2126 n
581 2061 703 2130 exisset
723 2062 857 2150 stratis,
874 2062 940 2131 nisi
955 2062 1098 2159 provida
1114 2065 1213 2160 signo
1286 2117 1289 2126 .

345 2181 523 2254 Deidamia
539 2179 639 2268 dato,
653 2195 797 2251 omma
811 2181 949 2252 hortata
966 2209 1115 2276 mes,

344 2304 517 2399 Liquisset
534 2325 688 2391 m,
704 2301 820 2398 ipsum
835 2303 1013 2400 mupieu
1029 2333 1040 2375 t
1057 2307 1117 2377 sed
1133 2307 1240 2379 luet

344 2425 540 2523 Respiciens
554 2425 726 2515 Ithacum,
744 2418 900 2521 coetuque
919 2429 1123 2500 novissimus
1139 2431 1218 2501 exit

393 2546 455 2618 Ille
469 2546 605 2643 quidem
623 2548 758 2642 incepto
775 2546 926 2643 paullum
943 2574 986 2619 ex
1002 2575 1154 2621 mone
1173 2552 1322 2642 remisit,

344 2672 454 2740 Pauca
473 2682 583 2739 tamen
599 2668 746 2764 jungens
764 2695 778 2739 τ’
791 2698 809 2734 α
824 2674 868 2741 At
883 2686 922 2741 tu
942 2671 1143 2767 tranquillus
1162 2660 1203 2756 in·
1216 2672 1287 2745 alta

343 2794 428 2860 Pace
446 2812 561 2875 mane,
579 2790 732 2884 carisque
751 2815 834 2885 para
854 2792 1023 2862 connubia
1039 2796 1147 2884 natis,

342 2913 436 3002 Quas
455 2909 516 2979 tibi
535 2909 670 2980 sidereis
689 2910 845 2982 divarum
862 2911 1011 2986 vultibus
1028 2941 1139 3011 aequas

345 3034 424 3102 Sors
441 3031 534 3101 dedit
553 3058 560 3101 :
576 3046 615 3101 ut
630 3057 685 3101 me
704 3030 786 3103 olim
804 3036 942 3106 tacitum
960 3040 1146 3108 reverentia
1164 3040 1297 3137 tangit!

342 3156 375 3222 Is
392 3152 491 3223 decor
510 3162 578 3240 est,
596 3153 712 3225 formae
730 3156 857 3252 species
873 3150 1039 3252 permixta
1053 3159 1153 3231 virili.
1175 3192 1193 3227 s

391 3274 548 3344 Occurrit
562 3276 718 3370 genitor:
737 3304 755 3342 a
770 3276 866 3366 Quid
883 3280 911 3348 si
926 3280 1073 3350 Bacchea
1091 3279 1235 3352 ferentes
1341 3356 1344 3360 ,
1360 3306 1363 3312 ·

343 3396 466 3490 Orgia,
484 3393 648 3466 Palladias
666 3411 725 3468 aut
745 3398 872 3469 mcum
888 3399 1011 3472 videris
1027 3402 1125 3472 aras?

339 3516 385 3584 Et
403 3512 575 3603 dabimus,
593 3517 621 3587 si
637 3516 725 3605 forte
740 3544 850 3590 novus
864 3522 1079 3592 cunctabitur
1096 3522 1232 3596 Auster‘.
1252 3561 1270 3593 s

341 3636 523 3731 Excipiunt
541 3638 674 3733 cupidi,
694 3655 730 3711 et
744 3643 854 3712 tacitis
867 3667 943 3739 spes
958 3643 1073 3715 addita
1088 3648 1187 3717 votis.

392 3759 514 3829 Cetera
530 3757 690 3855 depositis
708 3766 907 3858 Lycomedis
925 3769 1017 3863 regia
1036 3770 1125 3839 curis

342 3877 537 3973 Tranquillo
556 3882 617 3952 sub
636 3908 718 3979 pace
737 3885 827 3975 silet,
846 3887 904 3958 sed
921 3888 1023 3985 longa
1034 3891 1151 3987 sagaci

342 3999 418 4067 Nox
438 4002 555 4071 Ithaco
574 4029 582 4072 :
601 4002 777 4102 lucemque
797 4012 912 4104 cupit,
935 4037 1120 4107 somnoque
1139 4030 1309 4109 gmvatur.
