2934 4950
74 379 110 442 (v.
123 379 197 442 tu.)
380 371 634 432 acummmos
655 373 768 430 LIBER
788 369 821 428 1.¹
1064 375 1121 446 273

72 500 192 573 Litore
212 503 378 598 Abydeno
394 506 494 573 amris
515 501 630 600 alligat
648 501 739 573 unda
759 504 905 597 superni.

73 629 200 694 Fervet
215 649 311 694 amor
326 622 426 713 belli,
445 648 690 719 concussasque
703 625 803 718 erigit
822 624 939 693 urbes·

72 749 154 815 AEra
171 745 310 816 domant
327 747 473 818 Temesae
490 773 499 815 :
518 747 669 841 quatitur
687 744 861 816 navalibus
879 770 953 814 ora·

70 869 200 938 Eubois
219 895 227 938 :
248 872 424 940 innumera
441 885 600 940 resonant
615 869 739 938 incude
754 869 904 963 Mycenae
924 891 933 934 ε

69 990 152 1060 Pisa
169 1006 272 1060 novat
291 1015 409 1062 currus
429 995 581 1064 :Nemee
599 990 658 1060 dat
675 1005 773 1087 terga·
787 990 933 1059 ferarum
953 1013 961 1056 :

73 1113 199 1184 Cirrha
225 1111 424 1209 sagittiferas
442 1127 547 1183 certat
563 1113 687 1208 stipare
703 1113 878 1208 pharetras
897 1135 906 1178 ε

71 1235 187 1304 lerna
204 1259 322 1330 graves
340 1231 473 1331 clypeos
491 1234 583 1305 caesis
601 1235 723 1304 vestire
737 1233 902 1329 juvencis.

71 1359 143 1426 Dat
164 1354 253 1425 hello
268 1355 396 1452 pedites
415 1354 559 1448 AEtolus,
574 1371 607 1428 et
627 1383 724 1450 asper
740 1360 893 1428 Acarnan
912 1381 920 1422 ε

71 1481 186 1574 Argos
204 1479 273 1572 agit
291 1492 419 1548 turmas
438 1505 447 1548 ε
467 1495 653 1550 vacuantur
670 1504 794 1575 pascua
811 1479 889 1548 ditis

70 1597 255 1670 Arcadiae:
272 1599 382 1670 frenat
401 1597 525 1670 celeres
541 1602 666 1697 Epir'os.
678 1600 833 1671 alumnos
851 1627 860 1669 :

70 1721 214 1808 Phocis,
234 1736 268 1790 et
282 1723 398 1792 Aoniae
412 1720 532 1817 jaculis
554 1723 718 1794 rarescitis
733 1723 860 1792 umhrae
880 1749 888 1792 τ

69 1845 255 1912 Murorum
270 1857 440 1913 tormenta
454 1841 553 1940 Pylos
573 1846 798 1940 Messenaque
815 1844 969 1914 tendunt.

70 1964 179 2036 Nulla
196 1966 355 2036 immunis
369 1965 492 2036 humus
511 1951 713 2040 avelluntur
730 1967 884 2064 postibus
901 1965 978 2037 altis

70 2093 179 2158 Arma
196 2087 278 2158 olim
294 2088 429 2158 dimissa
446 2103 598 2184 patrum,
618 2090 827 2185 flammisque
843 2087 1048 2186 liquescunt

70 2213 176 2280 Dona
192 2211 304 2280 Deum
325 2236 334 2278 z
351 2224 485 2306 raptum
502 2212 639 2304 Superis
653 2213 747 2282 Mars
762 2211 879 2281 elserat
898 2235 1036 2282 aurum·

71 2334 253 2426 Nusquam
265 2331 392 2402 umbre
405 2345 533 2400 veteres
548 2357 556 2400 :
570 2332 681 2401 minor
689 2332 833 2428 Othrys,
845 2347 879 2400 et
890 2331 995 2402 ardua
1009 2330 1123 2400 sidunt

71 2456 239 2552 Taygeta,
257 2453 348 2523 exuti
362 2451 525 2524 *viderunt
541 2478 618 2524 aera
635 2467 776 2523 montes.

71 2581 149 2647 Jam
171 2590 267 2645 natat
283 2587 383 2645 omne
400 2599 519 2647 nemus
536 2601 544 2645 :
564 2574 739 2645 ceduntur
757 2576 880 2667 robora
897 2574 994 2646 classi
1012 2592 1036 2643 ι·

73 2698 167 2769 Silva
189 2698 305 2769 minor
319 2699 419 2768 remis
444 2724 452 2766 ε
471 2698 595 2768 ferrum
612 2695 746 2768 laxatur
762 2698 805 2767 ad
825 2722 904 2767 usus

71 2824 296 2907 innumeros,
312 2820 403 2917 quod
418 2837 527 2893 rostra
546 2821 640 2918 liget,
661 2820 753 2916 quod
771 2821 902 2890 muniat
919 2844 1029 2899 arma,

72 2941 258 3039 Belligeros
277 2943 369 3038 quod
387 2945 494 3015 frenet
514 2966 632 3038 equos,
652 2941 744 3037 quod
763 2939 855 3011 mille
871 2942 996 3011 catenis

73 3063 277 3160 squalentes
294 3079 406 3136 nectat
422 3066 572 3150 tunicas,
588 3062 681 3159 quod
697 3065 861 3160 sanguine
875 3063 998 3149 irroret,

72 3187 296 3282 Vulneraque
311 3183 377 3257 alta
392 3186 502 3276 hibat,
521 3186 611 3282 quod
628 3188 844 3282 conspirante
860 3210 990 3256 veneno
1004 3204 1007 3211 ·

72 3306 237 3406 impellet
256 3324 408 3379 mortes:
425 3323 635 3404 tenuemque
653 3310 829 3379 humentia
848 3330 943 3380 saxa·

72 3432 222 3516 Ausim,
239 3445 273 3500 et
289 3430 393 3527 nigris
407 3414 536 3502 addunt
551 3411 767 3501 mucronibus
786 3433 864 3501 iras.

74 3557 151 3627 Nec
172 3550 312 3643 modus,
334 3568 391 3623 aut
408 3580 505 3624 arcus
525 3551 672 3641 lentare,
690 3568 751 3623 aut
767 3553 907 3624 fundere
925 3548 1077 3650 glandes,

76 3683 151 3750 Aut
167 3690 296 3747 torrere
313 3676 429 3763 sudes,
447 3675 623 3773 galeasque
641 3673 793 3745 attollere
812 3678 915 3745 conis.

75 3804 151 3869 Hos
171 3798 261 3866 inter
279 3811 389 3866 motus
410 3799 540 3894 pigram
561 3798 667 3894 gemit
683 3822 743 3867 ora
758 3798 903 3891 quietem

75 3917 267 4008 Thessalis,
285 3934 319 3989 et
339 3920 479 4015 geminis
498 3919 713 3991 incusat'fata
733 3919 893 4015 querelis,
986 3934 990 3958 ’-

77 4039 186 4133 Quod
204 4041 317 4111 senior
331 4040 466 4131 Peleus,
484 4022 546 4113 nec
564 4040 673 4113 adhuc
689 4058 841 4113 maturus
858 4031 1012 4114 Achilles:

230 4190 266 4235 u.
954 4168 995 4239 18
