2934 4950
297 483 339 538 ln
360 483 391 537 Ρ.
413 483 445 536 Ρ.
467 480 594 538 8ΤΑΤΠ
614 480 707 536 SILV.
728 483 799 537 LIB.
821 483 872 538 lv.
1047 487 1102 541 281

75 598 191 675 ambigo,
204 599 278 672 quin
291 598 396 654 Brutus
408 596 456 652 ille
469 595 614 652 familiaris
628 596 774 654 Ciceronis
787 598 969 676 intelligatur.
983 598 1029 656 De
1043 621 1103 677 quo

74 691 188 765 apertior
200 689 282 747 fabii
295 692 377 747 locus
394 691 425 745 in
437 690 565 764 Dulogo
583 691 621 746 de
634 687 840 767 oratonbuslc.
856 688 925 769 xxi)
939 711 946 746 :
961 693 1104 750 «Brutum

72 781 247 857 philosophie
262 801 320 838 sne
338 782 543 856 relinquamus.
556 782 627 837 Nam
641 780 673 837 in
689 783 869 840 orationibus
886 784 1027 842 minoren
1044 803 1103 842 esse

72 875 135 930 ianr
154 867 223 946 suaj
240 874 327 930 efiam
348 873 534 930 admiratores
553 873 616 946 ejus
628 874 754 932 satentrn
769 895 776 929 ι
791 875 846 931 nisi
865 876 941 932 forte
961 875 1102 952 quispiam

72 966 141 1022 Bruti
159 985 216 1041 pro
233 967 375 1040 Dejotaro
394 985 462 1046 rege
480 977 648 1044 ceterosque
667 966 796 1042 ejusdem
814 968 990 1028 lentitudinis
1009 981 1038 1029 et
1055 981 1102 1030 te·

73 1061 140 1133 peris
157 1061 249 1121 libros
261 1060 348 1137 legit,
367 1061 424 1118 nisi
443 1071 472 1117 et
493 1061 619 1118 cannino
638 1063 805 1120 eorumdem
820 1064 1104 1123 montaneorum

72 1153 135 1211 enin
147 1167 176 1212 et
191 1155 317 1212 earmina
330 1165 360 1210 et
376 1155 408 1211 in
425 1154 615 1211 bibliothecas
634 1159 807 1228 retulerunt,
821 1175 881 1214 non
893 1157 993 1214 melius
1015 1177 1101 1234 quarn

73 1247 174 1319 Cicero,
200 1259 232 1304 at
253 1247 376 1317 felicius,
405 1246 475 1321 quia
491 1246 556 1302 illos
580 1247 679 1303 secisse
693 1250 849 1321 pauculam
862 1249 978 1305 sctum»
992 1252 1103 1322 Geor„

73 1357 96 1411 p.
110 1341 172 1397 300.

108 1432 225 1488 Turbrire
243 1432 373 1488 conditio
395 1431 491 1486 menti
502 1426 541 1508 (v.
561 1427 621 1508 η).
636 1433 752 1488 «lirion
765 1451 862 1502 ruens,
880 1443 955 1488 meta
969 1432 1099 1505 inversa,

71 1543 125 1598 que
142 1535 184 1581 eet
203 1523 298 1600 figura
317 1524 420 1579 barum
440 1523 580 1579 mercium
597 1537 811 1600 compactarum
839 1525 923 1582 etiam
942 1526 1070 1583 bodie.»

955 1621 1040 1676 Wn.

101 1711 232 1766 Albomm
245 1711 366 1765 calicum
378 1707 417 1784 (v.
432 1707 492 1789 45).
505 1711 620 1767 Salmas.
636 1712 804 1778 :Alc-orum,
817 1713 873 1767 cal.
886 1711 1033 1770 Heinsius:
1042 1715 1102 1772 ob-

70 1802 171 1871 latum,
187 1822 212 1858 c.
225 1801 302 1858 Vide
318 1804 435 1858 Maur.

103 1895 201 1966 Quis?
212 1895 338 1969 siquam
353 1889 469 1970 bene(v.
485 1893 522 1959 48
536 1890 621 1971 sqq.).
635 1893 763 1950 «Statius
774 1894 831 1950 hoe
843 1897 906 1950 vult
919 1915 926 1950 ε
941 1896 971 1952 si
985 1915 1038 1974 ego
1048 1896 1101 1956 tibi

69 1997 144 2058 poto
161 1987 333 2043 matutinum
349 2004 416 2055 ave,
438 2003 589 2060 aequumne
602 1996 645 2041 est
657 1997 700 2057 te,
713 1997 794 2042 tanto
812 1987 1005 2061 superiorem,
1024 1991 1102 2048 salu·-

69 2080 172 2137 tationis
184 2080 276 2136 vicem
289 2078 359 2133 mibi
371 2077 513 2134 reddere?
526 2078 652 2136 absurda
662 2079 723 2135 baec
737 2089 809 2136 esset
822 2080 899 2140 talio.
915 2105 928 2132 s
942 2083 1060 2140 Manat.

445 2345 487 2399 IN
507 2343 657 2401 LIBRUM
677 2344 712 2401 V.

101 2545 251 2600 Errsrou.
273 2542 384 2599 «Libro
397 2542 501 2616 quinto
519 2543 657 2602 Sr'lcamm
674 2541 749 2597 bene
767 2558 822 2595 nos
839 2540 952 2596 monuit
969 2543 1000 2598 Ρ.
1018 2542 1098 2599 Scri-

69 2636 165 2708 verius,
178 2635 375 2711 prefationem
392 2635 429 2691 ad
441 2636 498 2691 Ab.
517 2654 579 2691 non
599 2634 688 2691 totins
707 2632 792 2703 libri,
808 2631 859 2688 sed
875 2632 975 2706 prima
988 2642 1099 2691 tanturn

70 2727 139 2785 slva
150 2748 219 2787 esse.
235 2754 248 2779 ι
267 2732 383 2798 eros,
399 2747 428 2802 p.
444 2726 511 2784 302.

101 2824 192 2899 Vulgo
211 2822 332 2879 deerant
343 2822 453 2877 rocula
473 2833 517 2877 est
529 2832 576 2888 et,·
591 2838 680 2895 qnare
696 2814 860 2874 Gronovius
874 2816 956 2891 prius
975 2820 1099 2892 conjecit

70 2932 164 2970 ntorrrm
184 2927 294 2971 monem
304 2934 389 2988 pao,
408 2912 428 2969 i.
446 2932 471 2970 e.
486 2914 568 2989 quies
589 2933 597 2968 z
620 2910 802 2980 «Notabilis,
820 2909 928 2985 inquit,
946 2911 1098 2984 prudentia

69 3009 157 3064 unni
168 3008 259 3078 vatis,
276 3017 305 3063 et
323 3008 421 3063 seculo
438 3026 492 3063 suo
507 3006 582 3077 nati,
601 3003 793 3078 nemorisque
811 3020 841 3059 se
860 3002 913 3058 sub
931 3004 1097 3062 Domitiano

68 3098 164 3171 νίκης
178 3100 246 3175 qui,
268 3116 516 3173 quorumcumque
536 3116 606 3173 opes
628 3116 661 3153 ac
680 3095 816 3152 virtutem
836 3093 948 3165 laudat,
962 3094 996 3152 iis
1013 3096 1098 3154 etiarn

68 3191 290 3265 tranquillitatem
304 3190 435 3246 attribuit
450 3210 457 3245 ι
470 3190 499 3246 h.
518 3209 543 3247 e.
563 3199 713 3246 contentos
726 3204 786 3243 esse
807 3186 993 3259 praesentibus
1015 3188 1097 3260 tutis,

69 3300 114 3339 nec
124 3286 205 3341 malle
218 3283 389 3359 periculosa
403 3284 518 3339 »Multa
531 3282 567 3339 de
580 3282 634 3339 bac
645 3300 678 3338 re
690 3276 964 3355 pulchradisseruit‚
978 3298 1007 3355 p.
1024 3280 1098 3338 303-

71 3374 127 3450 309
140 3376 194 3433 Sed
205 3386 274 3452 post
288 3375 320 3432 in
333 3374 378 3431 eu
392 3374 474 3431 Statii
491 3374 628 3450 probavit
640 3372 723 3449 qnod
732 3368 839 3448 partim
857 3388 873 3427 e
890 3371 976 3428 codd.
994 3373 1095 3430 Mar-kl.

70 3465 150 3540 dedit,
163 3488 250 3546 quem
262 3468 345 3538 vide3
359 3467 391 3523 in
399 3487 462 3543 sqq.
477 3468 561 3525 etiarn
567 3509 577 3539 ,
589 3466 642 3523 ubi
652 3466 732 3523 vocis
743 3464 883 3539 qffia’ow
897 3464 933 3521 de
947 3464 1097 3523 clientibus

69 3577 139 3617 usum
152 3562 280 3637 explieat

101 3653 188 3711 Csur.
204 3655 229 3710 1.
242 3652 297 3710 Ed.
306 3664 363 3710 vet
378 3653 557 3727 :Epieedion
570 3652 600 3710 in
611 3654 776 3710 Pn'seillum
786 3650 957 3709 Abascantii
972 3668 1096 3710 uxorem.

68 3772 71 3778 ·
102 3746 290 3823 Miseromque
302 3764 433 3802 accessus
447 3748 489 3802 ad
502 3764 598 3803 mecm
613 3744 745 3821 Coniugis
758 3744 853 3800 orbati
864 3740 903 3822 (v.
922 3737 979 3820 19).
987 3742 1095 3799 Merito

68 3836 146 3895 inhis
155 3837 250 3897 verbis
263 3838 387 3897 offendit
398 3839 501 3896 Markl.
517 3838 671 3897 statianam
687 3856 748 3895 esse
759 3834 934 3893 locutionem
946 3835 1096 3910 probator

72 3928 194 3986 Thebaid.
202 3971 212 3999 ,
233 3950 262 4002 v,
275 3937 313 4002 74
332 3949 367 3986 :n
383 3930 569 4008 Placidasqne
585 3950 711 3988 accessus
729 3929 768 3986 ad
782 3946 877 3998 aures;
890 3950 905 3979 s
923 3927 973 3983 sed
991 3925 1095 3984 deinde

68 4028 148 4095 tulga.
159 4024 215 4079 Pro
233 4040 307 4079 voce
319 4022 452 4079 mucram
469 4033 650 4099 exspectatur
661 4024 757 4078 nullus
774 4020 820 4077 vel
839 4022 952 4075 claretur
971 4019 1017 4074 vel
1038 4017 1093 4075 ali-

68 4108 130 4180 ‘luid
139 4111 287 4185 tiustnodi.
295 4114 432 4189 Legendo
448 4114 542 4190 apices
553 4114 711 4171 litterarum
719 4123 829 4169 tentare
839 4128 936 4185 posses
951 4121 1097 4166 neutram-
