2934 4950
87 380 123 436 (r.
139 380 211 441 1⁴⁵.)
400 378 746 449 Tmamosuunn
769 382 822 438 lx.
1080 390 1133 451 ¹57

87 501 364 598 Hippomedonta
383 528 501 575 manue
522 533 530 575 :
550 528 618 575 non
634 506 728 575 iilum
746 509 890 600 impactu
910 520 1084 577 nmverent

85 626 274 693 Tormenta
290 628 502 720 oppositum,
521 623 758 720 formidatique
776 626 927 721 superbis

85 746 254 814 Turribus
271 748 433 841 impulsus
452 760 579 815 tentato
598 748 744 816 umbone
761 746 935 817 redissent

85 865 155 933 Sed
177 891 304 935 mernor
322 862 426 969 Elysii
445 868 549 961 regis,
570 889 739 961 noxasque
757 882 909 937 retexens

86 986 243 1081 Tydeos,
261 988 295 1055 in
312 984 439 1057 medios
459 1002 532 1057 astu
554 989 641 1057 subit
660 990 763 1083 impin
780 1011 917 1084 campos

84 1110 270 1204 Tisiphone
290 1136 297 1177 :
319 1132 451 1179 sensere
469 1111 576 1195 acies,
595 1110 791 1205 subitusque
808 1112 958 1179 cucurrit

85 1228 201 1298 Sudor
215 1232 308 1323 equis
318 1280 328 1316 ‚
338 1229 516 1324 sudorque
532 1232 612 1299 viris
630 1256 637 1299 :
658 1255 852 1325 quanquam
868 1253 927 1300 ore
944 1233 1084 1299 remisso

84 1350 265 1419 Inachium
284 1350 429 1446 fingebat
447 1350 554 1446 Halyn
575 1373 764 1445 :nusquam
785 1354 906 1447 impius
927 1353 1031 1446 ignis,

84 1470 323 1564 Verberaqne,
343 1486 378 1539 et
388 1471 471 1563 jussi
490 1485 627 1541 tenuere
646 1470 776 1541 silentia
793 1474 914 1541 crines.

84 1596 195 1661 Arma
212 1593 311 1687 gerit,
327 1593 489 1685 juxtaque
507 1592 568 1661 feri
589 1590 674 1661 latus
688 1584 968 1688 Hippomedontis

83 1710 218 1781 Blanda
235 1736 352 1806 genas,
372 1736 552 1807 vocemque
570 1714 685 1781 venit:
705 1726 817 1782 tamen
836 1710 893 1781 ille
911 1700 1078 1806 loquentis

84 1834 252 1902 Extimuit
271 1831 401 1921 vultus,
419 1833 669 1927 admiraturque
685 1836 850 1903 timorem.

86 1952 149 2023 Ille
164 1950 276 2023 autem
292 1952 496 2048 lacrymans,
516 1955 594 2022 «Tu
614 1977 723 2042 nunc,
739 1956 805 2043 ait,
824 1953 962 2051 inclyte,
988 1954 1112 2023 fntstra

85 2074 265 2145 Exanimes
286 2076 409 2163 socios,
431 2074 670 2168 inhumataque
688 2092 832 2169 corpore
851 2077 993 2145 Graium

87 2195 239 2288 (Scilicet
256 2197 284 2263 is
301 2196 397 2263 nobis
416 2194 543 2263 metus?
562 2208 621 2263 aut
636 2195 706 2287 jam
727 2220 807 2264 cura
826 2195 1016 2291 sepulcrii)

86 2320 262 2413 Protegis;
280 2318 352 2413 ipse
369 2340 471 2385 manu
489 2317 590 2411 Tyria
611 2316 672 2383 tibi
688 2330 805 2409 captus
825 2316 986 2387 Adrastus

87 2444 268 2535 Raptatur,
289 2453 386 2534 teque
404 2450 480 2508 ante
498 2435 596 2524 alios,
616 2448 648 2504 te
666 2459 767 2524 voce,
785 2459 953 2530 manuque

87 2565 254 2632 Invocat:
273 2561 337 2630 heu
354 2557 487 2654 qualem
505 2556 634 2652 lapsare
651 2559 686 2624 in
707 2559 868 2651 sanguine
883 2556 971 2644 vidi,

86 2686 237 2752 Exuurm
255 2705 355 2750 canos
374 2678 484 2748 lacero
504 2677 690 2747 diademate
707 2671 833 2745 crines!

86 2804 142 2872 Ne
157 2800 274 2896 procul
288 2801 383 2888 hinc,
403 2799 536 2868 adverte
556 2797 670 2868 oculos
690 2823 698 2865 ε
718 2798 777 2866 ubi
796 2796 960 2893 plurimus
978 2797 1034 2865 ilie

88 2921 220 3010 Pulvis,
240 2924 297 2994 ubi
319 2921 376 2992 ille
393 2920 532 3018 globus:
548 2949 565 2984 n
583 2916 733 3014 paullum
750 2919 840 2987 stetit
854 2920 974 2986 anxins
989 2918 1109 3003 heros,

87 3045 316 3138 Librabatque
327 3057 456 3112 metus:
471 3041 591 3142 premit
607 3063 723 3134 aspera
739 3041 834 3134 virgo
852 3063 860 3105 ε
879 3037 997 3128 «Quid
1008 3035 1143 3106 heres?

87 3164 201 3234 lmus?
219 3191 262 3233 an
282 3165 316 3232 hi
335 3165 480 3233 retinent
496 3161 631 3232 manes?
650 3175 684 3230 et
702 3158 799 3230 vilior
814 3157 869 3228 ille

89 3287 159 3376 Qui
180 3285 380 3380 superestis
396 3285 558 3354 Miserum
577 3282 675 3352 sociis
691 3304 792 3376 opus,
812 3294 845 3348 et
864 3303 925 3348 sua
943 3278 1081 3348 mandet

88 3405 229 3490 Proelia,
249 3421 283 3475 et
300 3405 450 3474 unanimi
471 3402 563 3472 vadit
578 3401 728 3472 desertor
747 3401 866 3487 amici,

90 3530 284 3624 Respiciens
298 3541 428 3616 tamen,
444 3539 478 3594 et
496 3536 656 3593 revocent
674 3523 701 3591 si
720 3521 807 3590 forte
820 3536 966 3616 paratus.

91 3649 174 3719 Inde
193 3648 306 3744 legens
326 3646 459 3718 turbata
478 3645 581 3714 trucis
600 3643 738 3736 vestigia
757 3643 872 3729 Diva,

94 3775 166 3840 Huc
185 3768 264 3840 illuc
281 3767 404 3838 frustra
423 3769 491 3836 ruit
506 3766 600 3835 avius
617 3789 624 3831 :
639 3764 743 3858 impia
760 3762 866 3830 donec

94 3889 249 3962 Eumenis
267 3913 308 3960 ex
324 3886 429 3959 oculis
449 3889 572 3981 rejecta
589 3881 708 3953 cerula
725 3907 843 3978 parma

94 4015 209 4109 Fugit,
228 4026 262 4081 et
278 4011 445 4080 innumeri
468 4007 597 4106 galeam
615 4027 737 4099 rupere
754 4017 899 4074 cerastas.

936 4148 988 4194 ιο.
