2934 4950
340 420 397 479 ssa
657 471 661 490 .
699 423 826 478 vuum
846 421 1022 478 aceruus
1291 435 1377 493 nn,

337 541 566 633 Majoremque
581 537 662 608 seret
679 537 845 608 cultorum
863 538 1026 631 sanguine
1043 560 1190 605 cursum.

306 691 309 696 ·
337 661 401 729 Sed
418 658 501 736 mihi
518 662 592 753 quis
612 659 755 730 referat:
776 689 794 724 α
809 662 877 747 Tu,
897 684 997 753 quem
1015 681 1161 754 presago
1178 660 1337 744 creatrix,
1451 710 1453 731 ,

338 783 534 854 Subducens
553 783 628 852 latis
642 783 742 852 alieni
760 783 925 852 schemate
945 807 1057 868 sexus,

248 913 250 920 ’
338 905 389 976 Ad
408 905 628 1000 Lycomedeos
646 905 724 974 fecit
741 906 883 974 transire
899 919 1054 999 penates,

338 1031 602 1123 Depositumque
622 1054 719 1098 suum
736 1027 855 1097 maluit
873 1029 1082 1096 committere
1098 1025 1231 1096 blandis

338 1152 553 1246 Virginibus,
572 1177 632 1240 ne,
648 1166 682 1221 te
700 1153 809 1246 rapiat
826 1153 854 1219 si
871 1151 1014 1220 Martius
1031 1150 1142 1238 ardor,
1176 1194 1180 1205 ·

339 1274 501 1344 Orbatam
521 1276 648 1344 crucies
666 1298 736 1342 non
752 1275 825 1341 viso
843 1272 960 1342 sunere
979 1289 1136 1359 matrem,

339 1396 443 1465 Vadis
463 1399 606 1466 inarum
623 1395 746 1484 ferox,
756 1394 940 1464 thalamum
959 1410 1143 1490 natumque
1159 1394 1365 1488 relinquens,

340 1521 411 1588 Nec
430 1521 522 1589 venit
539 1521 574 1588 in
590 1533 751 1606 mentem,
771 1531 935 1611 quantum
952 1531 1120 1586 mereatur
1136 1541 1269 1603 amore,

340 1644 424 1731 Quae
444 1657 475 1712 te
493 1644 601 1737 prima
616 1639 884 1716 ¹virumconlato
903 1617 1037 1736 pectore
1053 1640 1130 1709 fecit
1149 1665 1157 1707 :

339 1768 372 1834 Is
392 1765 435 1834 ad
455 1765 540 1836 bella
559 1765 682 1854 libens,
701 1757 759 1834 ubi
778 1765 940 1858 quaeritur
958 1764 1031 1833 alea
1048 1765 1184 1850 mortis,

339 1891 410 1958 Nec
427 1885 571 1983 spondet
588 1903 710 1957 certam
726 1889 830 1955 tristis
847 1884 986 1955 Bellona
1003 1884 1154 1955 salutem.
1172 1916 1190 1948 »

340 2010 404 2080 Sed
423 1985 549 2079 llanais
569 2035 678 2079 comcs
692 2035 762 2079 esse
780 2008 909 2104 placet,
927 2009 1121 2101 sociumque
1136 2007 1256 2102 pericli

339 2135 405 2200 Pro
423 2131 517 2200 famae
535 2117 639 2201 titulis
657 2128 787 2201 meliori
806 2131 989 2224 adjungere
1001 2153 1118 2199 causae.

338 2253 502 2324 «Scilicet
519 2269 558 2323 ut
574 2255 697 2348 conjux
712 2254 816 2323 viduo
835 2253 995 2323 reddatur
1015 2254 1139 2340 Atridi,

337 2379 541 2447 Procumbat
558 2377 633 2448 vilis
649 2381 855 2447 Teucrorum
871 2378 1008 2445 victima
1026 2375 1181 2446 Achilles.
1200 2409 1218 2442 »

338 2502 451 2589 Auser,
470 2504 558 2571 iners
577 2503 736 2589 monitor,
754 2501 862 2595 turpis
880 2499 1027 2568 fomenta
1043 2499 1196 2588 medelae,

338 2626 460 2717 Meque
477 2626 548 2693 sine
565 2626 702 2727 proprio
720 2624 838 2692 sectari
857 2620 973 2717 proelia
992 2648 1100 2691 sensu.

337 2750 414 2817 Non
434 2750 480 2817 ita
501 2773 554 2816 me
570 2725 703 2841 genitor
719 2744 1051 2842 praeclarus'nomine
1069 2743 1201 2832 Peleus,

336 2873 405 2939 Aut
421 2868 540 2940 dilecta
553 2872 628 2940 lovi
643 2868 731 2939 fudit
747 2868 862 2939 Thetis
878 2869 966 2939 alma
982 2870 1044 2939 sub
1063 2894 1178 2957 auras,

336 2992 490 3085 Degener
508 3007 547 3062 ut
562 2990 681 3061 lateam
697 2993 857 3087 primaevo
878 2990 959 3061 llore
975 2992 1141 3085 juventae,

336 3114 448 3208 Major
461 3130 495 3183 et
514 3116 637 3208 ignavo
656 3129 788 3184 tantum
807 3114 891 3183 mihi
909 3128 1039 3208 torpeat
1056 3128 1152 3201 aetas,

286 3315 289 3324 Δ
337 3236 606 3332 Abstrudamque
624 3238 704 3306 toris
719 3237 789 3331 jam
810 3236 921 3306 debita
937 3250 1072 3331 pectora
1088 3240 1223 3327 castris,

337 3360 452 3447 Quum
471 3385 590 3430 manus
607 3361 770 3453 Argivum
789 3358 923 3429 ultricia
940 3360 1033 3453 juret
1053 3361 1087 3428 in
1106 3386 1212 3430 arma.

338 3484 492 3576 Denique
509 3508 614 3578 quum
627 3490 803 3578 'promtum
818 3498 895 3552 ruat
914 3485 948 3552 in
973 3486 1155 3553 certamina
1172 3484 1317 3580 vulgus,

339 3602 436 3673 Solus
452 3628 514 3702 ego
532 3608 566 3674 in
582 3607 712 3675 cunctis
730 3606 848 3675 infami
869 3630 999 3675 carcere
1016 3605 1146 3676 clausus

336 3726 513 3797 Subducar
532 3727 677 3823 pugnae?
693 3743 822 3823 quanto
835 3727 986 3797 tolerabo
1004 3725 1132 3824 pudore

335 3853 473 3919 Me'non
489 3850 574 3921 ferre
591 3851 709 3946 pedem
725 3877 794 3947 quo
812 3852 876 3921 fert
891 3852 1076 3938 Thersites,
1095 3854 1130 3920 in
1150 3858 1244 3924 omni

335 3974 432 4043 Parte
451 3978 561 4063 miser,
582 3974 687 4044 forma
704 3976 847 4063 brevior,
865 3989 1042 4067 menteque
1058 3974 1187 4069 fugaci?
