2934 4950
346 420 408 477 '232
655 412 868 471 anselinus
889 409 1002 467 LIBER
1024 409 1075 468 111.
1284 405 1380 466 lt·³¹'⁵³·l

310 533 313 551 ¹
349 552 395 619 Et
409 549 537 618 mixtus
552 544 706 640 lacrymis
723 541 828 612 caluit
848 540 966 610 dolor:
985 537 1141 611 omnibus
1163 535 1252 607 ultro

350 671 429 740 Non
443 670 606 763 juvenum
621 664 745 755 modo,
762 664 820 734 sed
837 661 953 759 gelidis
970 677 1004 748 et
1019 657 1183 730 inertibus
1199 681 1270 726 aevo

349 789 655 860 Pectoribusmens
673 811 741 855 nna
758 785 866 873 subit,
886 783 1025 853 viduare
1043 794 1196 875 penates,

349 912 522 990 Finitimas
541 909 700 979 adhibere
715 931 853 994 manus;
870 907 1008 1000 jamque
1025 906 1083 976 ire.
1103 901 1169 970 Sed
1187 898 1275 971 altus

349 1031 506 1102 Consiliis
522 1045 629 1126 pater,
650 1030 849 1125 imperiique
866 1028 959 1097 haud
978 1025 1113 1096 flectere
1130 1020 1253 1094 molem

347 1153 504 1223 Inscius:
526 1155 621 1221 «Ista
639 1151 775 1246 quidem
797 1151 935 1245 Superis
951 1143 1287 1242 curaequemedenda

347 1274 523 1368 Linquite,
542 1297 671 1367 quaeso,
690 1298 797 1342 mee:
816 1297 879 1341 nec
896 1286 930 1341 te
951 1294 1131 1366 germanus
1152 1265 1260 1336 inulto

349 1399 490 1491 Sceptra
507 1409 602 1493 geret
618 1421 627 1463 z
644 1418 753 1490 neque
770 1419 829 1463 vos
844 1393 934 1463 avidi
954 1392 1151 1487 promittere
1168 1386 1304 1460 bellum.
1339 1429 1343 1438 ·

346 1521 394 1588 At
410 1542 502 1588 nunc
520 1519 693 1614 egregium
712 1532 873 1610 tantoque
892 1517 927 1585 in
945 1515 1106 1610 sanguine
1122 1524 1280 1580 ovantem

346 1639 500 1733 Excipite
519 1639 696 1728 OEnitlen,
714 1639 910 1730 animosque
929 1650 962 1706 et
981 1626 1118 1731 pectora
1136 1631 1226 1702 laxet

347 1760 429 1863 Sera
444 1761 539 1854 quies
556 1786 565 1830 τ
582 1759 681 1830 nobis
701 1757 798 1828 dolor
816 1757 910 1828 haud
930 1759 1068 1828 rationis
1084 1755 1203 1850 egebit.
1214 1783 1241 1823 a.

395 1881 538 1951 Turbati
557 1879 727 1977 extemplo
745 1881 901 1967 comites,
923 1894 957 1946 et
977 1875 1098 1972 pallida
1116 1877 1261 1967 conjux,

347 1999 461 2096 Tydea
477 2003 607 2072 circum
625 2027 744 2072 omnes
760 2001 886 2070 fessum
905 1997 1051 2093 bellique
1068 2001 1197 2091 viaeque

346 2123 523 2218 Stipantur
542 2149 552 2192 z
569 2121 664 2193 latus
680 2121 799 2193 mediis
815 2124 852 2192 in
870 2120 1002 2192 sedibus
1018 2119 1102 2192 aulas

272 2269 277 2279 ·
347 2246 525 2334 Constitit,
540 2246 738 2341 ingentique
754 2259 911 2340 exceptus
931 2259 1024 2340 terga
1042 2241 1214 2330 columna,

347 2364 498 2437 Vulnera
514 2367 596 2438 dum
615 2366 761 2463 lymphis
779 2367 984 2462 Epidaurius
1001 2363 1085 2435 eluit
1103 2363 1244 2458 Idmon,

345 2489 448 2559 Nunc
464 2488 560 2559 velox
581 2490 690 2576 ferro,
707 2514 801 2560 nunc
819 2487 875 2557 ille
893 2488 1089 2584 potantibus
1107 2486 1218 2557 herbis

345 2611 484 2701 Mitior3
502 2613 574 2708 ipse
592 2612 660 2681 alta
676 2610 832 2683 seductus
849 2625 961 2680 mente
979 2624 1130 2679 renarrat

345 2732 517 2826 Principia
533 2733 681 2823 irarum,
702 2756 843 2827 quaque
863 2756 960 2801 orsus
978 2744 1121 2825 uterque
1142 2730 1308 2818 uicissim,

345 2853 432 2941 Quis
450 2851 544 2924 locus
564 2854 705 2944 insidiis,
723 2856 825 2923 tacito
843 2878 918 2949 qua
937 2868 1091 2949 tempora
1105 2849 1211 2941 bello,

344 2973 415 3063 Qui
428 2989 570 3063 contra,
634 2978 772 3071 antique
790 2976 909 3065 duces,
927 2975 983 3045 ubi
1003 2974 1168 3045 maximas
1186 2972 1233 3043 illi

345 3094 469 3187 Sudor,
484 3113 520 3167 et
539 3098 665 3169 indicio
682 3097 850 3170 servatum
866 3100 998 3169 Maeona
1015 3097 1119 3186 tristi,

345 3220 513 3315 Exponit:
528 3222 583 3291 cui
602 3222 671 3293 fida
688 3245 822 3312 manus,
842 3246 1081 3318 proceresque,
1103 3245 1263 3314 socerque

344 3340 509 3438 Adstupet
525 3346 635 3413 oranti
647 3376 662 3433 ,⁴
676 3346 864 3440 Tyriusque
880 3344 1072 3415 incenditur
1092 3344 1196 3414 exsul.
1244 3374 1247 3379 ’

396 3461 548 3535 Solverat
563 3468 717 3562 Hesperii
734 3466 863 3538 devexo
881 3469 1032 3564 margine
1051 3469 1152 3562 ponti

343 3588 371 3655 F
372 3582 537 3681 lagrantes
552 3586 610 3658 Sol
627 3614 754 3683 pronus
771 3616 890 3685 equos,
908 3589 1111 3685 rutilamque
1129 3588 1264 3659 lavabat

345 3710 473 3777 Oceani
492 3710 555 3779 sub
571 3709 665 3781 sonte
681 3736 832 3801 comam,
849 3712 904 3782 cui
918 3712 1017 3781 turba
1035 3710 1204 3808 profundi.

343 3830 489 3918 Nereos,
506 3845 540 3901 et
556 3832 681 3927 rapidis
694 3850 877 3905 accurrunt
897 3836 1050 3931 passibus
1069 3838 1184 3918 Horae3

342 3954 532 4046 Frenaque,
552 3971 585 4024 et
604 3970 730 4026 aurata
749 3970 878 4026 textum
898 3955 1041 4026 sublime
1061 3982 1194 4027 coronae

342 4076 547 4170 Deripiunt:
564 4075 677 4148 laxant
697 4080 801 4149 roseis
817 4080 998 4149 humentia
1009 4077 1089 4148 loris
