2934 4950
326 461 382 522 306
701 453 1000 512 ADNOTATIONES

323 580 439 656 virgil,
456 581 520 634 AEn.
531 617 541 644 ,
562 597 588 646 v,
604 574 670 630 638.
685 574 769 642 Post,
790 593 818 627 v.
841 571 910 642 145,
926 574 1054 626 lunonem
1073 585 1196 642 agerer,
1216 575 1260 620 est
1281 564 1376 637 pelta-

323 687 400 743 tum,
418 671 500 746 quod
514 681 594 727 scuta
612 673 810 738 Anazonum,
832 683 904 740 ques
921 665 1013 739 peltes
1031 659 1193 737 appellunt,
1209 659 1242 714 in
1254 659 1376 716 modum

322 770 396 824 lunae
410 767 533 824 formata
546 765 618 834 sint,
632 774 666 819 ut
680 762 780 838 virgil.
796 760 890 838 [AEm.
908 778 941 827 1,
962 755 1029 833 490}
1045 778 1052 811 ε

431 943 506 993 Ducit
519 939 695 991 Amazonidum
705 937 796 988 iuuetis
807 936 902 1003 agmine
914 934 985 1002 peltis

430 1026 580 1078 Penthesilea
594 1026 683 1075 fruens.
698 1047 710 1066 n

325 1201 412 1256 Lacr.
427 1197 474 1254 Sic
489 1194 570 1266 edd.;
585 1204 614 1250 at
630 1193 695 1250 cod.
710 1191 798 1248 Paris.
814 1192 891 1246 hunc
906 1191 1002 1246 locum
1017 1186 1130 1262 Virgilii
1143 1186 1252 1242 habet:

434 1359 547 1411 emines
561 1357 670 1408 endunt
684 1355 773 1406 lunatis
786 1354 882 1420 egmiuu
896 1352 974 1420 peltis.

805 1435 919 1496 AEceid,
934 1455 976 1496 ιι,
991 1434 1053 1486 663.

370 1605 449 1658 Tunc
462 1599 563 1656 votuit
583 1595 622 1676 (v.
652 1593 729 1675 152).
749 1597 838 1652 Recte
855 1595 1015 1651 offenditur
1028 1594 1057 1649 in
1071 1613 1099 1649 v.
1118 1607 1193 1650 uere.
1209 1595 1267 1650 ΜΒ
1288 1615 1296 1649 :
1314 1597 1378 1648 ιι).

325 1699 416 1753 mitur
429 1697 511 1751 incus
533 1711 540 1748 t
558 1693 616 1748 late
629 1691 682 1764 j....
695 1693 819 1764 Propter
832 1709 896 1764 op.,
912 1699 1011 1759 etc.,»
1031 1705 1098 1744 vere
1116 1707 1133 1744 a
1149 1688 1317 1763 principi03
1330 1690 1378 1745 sed

323 1789 442 1847 uidene
466 1786 498 1844 iu
521 1805 602 1861 seqq.
618 1793 789 1859 corruptum
809 1781 920 1859 aliquid
936 1785 1030 1838 lateat.
1050 1783 1131 1839 Idem
1151 1782 1237 1852 cod,
1259 1802 1290 1838 ν.
1309 1781 1377 1851 ι58,

323 1889 405 1962 igmes
417 1901 473 1958 pro
487 1883 556 1937 iras.

367 1975 525 2036 Crescentia
543 1973 613 2029 uina
630 1968 669 2048 (v.
688 1971 767 2048 nro).
785 1973 884 2027 «Dum
905 1971 982 2027 enim
999 1970 1101 2045 incipit
1115 1968 1180 2026 fieri
1193 1972 1309 2041 coctio,
1326 1991 1376 2027 ea-

323 2090 409 2149 pores
428 2069 490 2126 vini
510 2067 601 2124 emitti
623 2065 767 2140 incipiunt
785 2066 885 2134 etiam,
901 2065 979 2122 unde
1002 2067 1158 2121 crescentia
1178 2064 1255 2121 dixit
1274 2069 1375 2122 nmen·

322 2167 432 2223 Bsnrn.
446 2165 536 2232 Ante,
549 2179 577 2216 v.
596 2177 661 2234 197,
675 2157 859 2216 scribendum
878 2167 939 2214 crat
956 2158 1036 2226 Leti,
1049 2158 1159 2230 majore
1177 2159 1285 2214 litters.

369 2259 453 2332 Quod
474 2269 528 2312 te...
557 2253 635 2329 quod
660 2263 695 2309 te.
718 2249 759 2331 (v.
782 2253 862 2327 220).
885 2253 972 2310 Multi
994 2251 1095 2322 codd,
1116 2251 1147 2306 in
1170 2252 1282 2326 quibus
1302 2255 1376 2308 MB:

322 2351 507 2431 quil....quid.
531 2347 620 2418 Quod
640 2347 743 2404 merito
773 2346 855 2404 alteri
877 2346 1044 2421 postposuit
1065 2349 1214 2418 Gronov„
1240 2347 1295 2403 sed
1313 2358 1377 2422 post

323 2447 455 2505 recordor
464 2442 559 2500 minus
573 2442 659 2517 plene
674 2439 909 2517 distinguendum
923 2451 992 2498 eret.

364 2540 492 2598 Cnsentoe
506 2536 626 2591 Vulnere
643 2531 837 2608 Mirmydcnis
846 2532 885 2612 (v.
904 2533 982 2607 ιη).
999 2538 1091 2593 Immo
1106 2535 1375 2609 Mynm'dom's.8ed

322 2653 383 2692 non
405 2629 590 2706 imputandus
613 2626 705 2684 sntio
721 2628 865 2703 genitivus
882 2629 955 2686 talis
971 2629 1039 2686 vtd.
1058 2628 1228 2687 Schneideri
1250 2631 1373 2686 Gmmm
1452 2613 1453 2616 Ἰ

323 2732 390 2793 lac,
411 2724 469 2781 vol.
488 2742 529 2793 ιι,
547 2742 576 2797 p.
601 2740 665 2795 197,
679 2732 742 2777 not.
761 2720 798 2779 de
812 2722 869 2807 hoc
885 2724 961 2780 loco.
975 2724 1065 2780 Recte
1082 2723 1227 2781 Weberus
1241 2725 1376 2799 probavit

321 2820 472 2878 lectionem
487 2818 557 2893 Reg.
581 2836 592 2871 ι
616 2836 622 2870 :
645 2816 852 2888 myrmidones,
876 2834 940 2890 qne
963 2815 995 2872 in
1011 2816 1067 2873 ΜΒ
1089 2816 1229 2874 exstitisse
1249 2820 1373 2887 videtur,

322 2914 400 2970 unde
428 2909 560 2967 Barthius
586 2908 713 2965 enotavit
739 2910 925 2984 Mirmyomu.
949 2910 1092 2967 Nimirmn
1111 2911 1219 2967 Statius
1245 2924 1279 2969 nt
1304 2914 1375 2970 lianc

322 3005 471 3063 historiam
480 3003 518 3060 ad
527 3003 638 3079 singula
652 3001 825 3071 deduceret,
839 3022 906 3059 usus
914 3020 974 3061 esse
987 3004 1104 3061 videtur
1116 3004 1200 3061 simili
1208 3006 1373 3063 Danaidum

322 3100 433 3168 sabula,
447 3114 508 3152 non
522 3114 557 3152 ex
576 3094 755 3171 Apollodori
771 3096 953 3169 narratione,
967 3117 1010 3170 n,
1031 3116 1063 3169 ι,
1077 3102 1094 3168 ς
1109 3096 1141 3169 5,
1154 3098 1206 3156 sed
1215 3118 1254 3157 ex
1268 3100 1372 3177 Hygini

319 3194 381 3265 fab.
406 3210 497 3279 cnsx,
518 3190 570 3246 ubi
591 3208 649 3247 une
668 3207 767 3247 earum
784 3192 974 3266 Myrmidono.
997 3194 1040 3252 Cf.
1057 3194 1200 3251 Welckeri
1219 3206 1370 3252 comment

322 3287 408 3344 ueber
425 3288 482 3340 den
494 3282 660 3360 geschichtl.
679 3286 838 3341 Gmndder
859 3286 937 3362 Sage
950 3306 1018 3343 vom
1032 3288 1206 3344 lemm'sclsen
1222 3289 1369 3345 Μαιω-

322 3380 418 3449 inord,
435 3380 465 3435 in
480 3378 556 3435 libro
573 3380 629 3435 Die
642 3377 845 3452 Aeschylisclte
862 3381 1000 3457 Trilogie‚
1016 3400 1046 3457 p.
1067 3380 1124 3441 585
1139 3400 1203 3457 sqq.
1259 3422 1264 3431 ,

366 3473 530 3530 Etiamnum
548 3472 577 3527 in
598 3488 742 3528 mumrure
755 3484 867 3529 truncos
891 3472 930 3550 (r.
949 3474 1029 3553 237).
1048 3476 1103 3531 ΜΒ
1117 3496 1125 3531 :
1139 3478 1226 3531 etiam
1243 3496 1318 3532 nunc
1333 3496 1367 3531 m.

321 3565 438 3623 stulius
452 3584 585 3635 rsunco,
606 3566 687 3639 quod
707 3584 775 3623 sane
791 3567 1005 3624 cum·Wehero
1026 3567 1142 3625 videtur
1162 3570 1367 3643 preferendum

322 3670 350 3714 ct
369 3655 536 3733 praepositio
551 3658 682 3715 deiende.
696 3662 778 3733 Post,
794 3670 922 3734 egentem
935 3663 1099 3737 smigmm's,
1114 3674 1149 3719 ut
1161 3681 1268 3721 senem.

362 3753 429 3807 Etsi
441 3752 504 3805 lita
517 3753 632 3809 recessit
646 3751 683 3828 (v.
699 3750 778 3831 ψ).
794 3754 849 3809 ΜΒ
864 3774 871 3808 :
886 3754 973 3812 «lieet
985 3758 1042 3812 ulte
1059 3776 1084 3813 r.
1095 3782 1108 3809 s

364 3847 428 3901 Non
441 3846 543 3901 soevius
558 3843 596 3923 (v.
617 3843 695 3925 261).
710 3846 814 3904 Markt.
834 3850 876 3903 ad
890 3850 956 3906 utto.
965 3890 976 3919 ,
991 3870 1030 3921 tt,
1043 3850 1076 3924 6,
1091 3851 1129 3908 82
1145 3852 1203 3909 :N.
1215 3856 1316 3910 secisse.

365 3942 447 3997 Vrim
462 3940 620 3997 amentibus
638 3942 742 3997 urnbn's
760 3942 797 4018 (v.
817 3940 897 4020 285).
917 3943 1025 4001 «Visus
1040 3944 1179 4019 aliorum
1191 3948 1303 4005 umbris
1314 3948 1365 4004 im-
1448 3959 1449 3962 ’

322 4034 519 4110 pedientibus,
532 4051 569 4089 ne
583 4053 636 4090 nos
654 4035 917 4110 conspicerentur.»
931 4040 1026 4095 Gnosi.

362 4130 435 4203 Ipsa
448 4130 542 4203 gradu
559 4129 664 4198 nitens,
679 4130 771 4186 sedet
783 4133 874 4187 anxia
883 4144 956 4188 retro
970 4132 1090 4189 Pectora
1105 4130 1144 4212 (r.
1161 4132 1364 4214 293).1ntegn
