2934 4950
372 346 409 405 50
684 343 901 400 mnnnluos
924 343 1035 400 LIBER
1055 345 1090 398 V.
1296 341 1390 403 (olel-l

371 471 593 560 Incumbens,
613 471 796 564 animaeque
818 470 931 565 lugam
950 495 1010 566 per
1029 469 1177 538 membra
1199 481 1355 563 tepentem

371 596 503 686 Quaerit
519 593 615 661 hians
637 617 645 661 r
666 616 736 660 non
754 616 813 660 ora
831 589 920 678 loco,
940 615 1007 661 non
1026 603 1164 686 pectora
1183 603 1313 659 restant.

372 719 482 810 Rapta
502 716 604 798 cutis,
625 714 736 784 tenuia
757 737 832 782 ossa
850 727 982 807 patent,
1003 735 1172 804 nexusque
1193 709 1352 780 madentes

374 837 552 929 Sanguinis
572 834 679 904 imbre
696 835 793 920 novi,
814 848 986 928 totumque
1006 836 1041 902 in
1059 831 1196 902 vulnere
1215 855 1341 926 corpus.

421 959 471 1025 Ac
493 954 582 1025 velut
602 954 733 1050 aligera
753 954 882 1042 sedem,
902 953 1067 1048 laetusque
1087 954 1234 1049 parentis

376 1080 492 1167 Quum
506 1080 603 1173 piger
619 1078 777 1146 umbrosa
793 1076 972 1173 populatus
989 1078 1024 1146 in
1042 1070 1116 1146 ilice
1132 1101 1286 1170 serpens,

374 1197 436 1269 llla
455 1198 562 1284 redit,
582 1197 794 1292 querulaeque
814 1199 932 1268 domus
954 1201 1073 1268 mirate
1092 1201 1237 1292 quietem

376 1324 448 1390 Stat
467 1317 794 1414 superimpendens,
816 1318 1037 1414 advectosque
1053 1319 1191 1388 horrida
1209 1335 1324 1388 mcesto

374 1443 510 1511 Excutit
529 1467 587 1509 ore
608 1441 716 1526 cibos3
738 1465 843 1534 quum
861 1440 950 1512 solus
971 1443 1006 1510 in
1024 1441 1143 1510 arbore
1165 1465 1244 1511 cara

376 1564 537 1658 Sanguis,
554 1577 587 1630 et
604 1577 752 1630 errantes
769 1577 940 1656 percepta
959 1562 1080 1631 cubilia
1096 1561 1227 1657 plumae.

424 1686 473 1751 Ut
493 1681 619 1752 laceros
639 1696 731 1752 artus
752 1687 880 1777 gremio
899 1681 1086 1752 miseranda
1105 1687 1248 1778 recepit,

376 1805 563 1897 Intexitque
579 1804 699 1888 comis,
716 1801 851 1871 tandem
867 1801 977 1873 laxata
992 1803 1106 1874 dolore

267 1965 270 1968 ⁴
383 1931 454 1995 Vox
469 1927 596 1994 invenit
611 1927 689 2012 iter,
705 1927 914 2020 gemitusque
929 1927 963 1994 in
979 1927 1080 1996 verba
1093 1926 1192 1996 soluti
1209 1955 1216 1996 :

426 2052 487 2118 «O
504 2049 585 2115 mihi
607 2047 741 2115 desertae
763 2061 917 2115 natorum
937 2046 1043 2117 dulcis
1063 2050 1191 2143 imago,

381 2170 581 2239 Arclremore
600 2195 608 2236 :
627 2193 649 2236 o
669 2193 779 2236 rerum
797 2183 829 2236 et
848 2171 962 2262 patriae
979 2169 1126 2239 solamen
1144 2170 1302 2256 ademtae,

379 2293 578 2385 servitiique
594 2291 712 2378 decus,
728 2292 787 2383 qui
804 2305 853 2378 te,
870 2316 942 2360 mea
960 2291 1100 2386 gaudia,
1120 2307 1231 2361 sontes

379 2412 574 2484 Exstinxere
594 2410 680 2482 Dei?
696 2411 798 2480 modo
819 2435 918 2505 quem
938 2412 1085 2508 digressa
1104 2412 1223 2507 reliqui

378 2540 555 2607 Lascivum
571 2551 604 2604 et
622 2560 731 2630 prono
750 2550 924 2604 vexantem
943 2538 1094 2631 gramina
1110 2536 1231 2605 cursu?

379 2663 454 2728 lleu
474 2658 533 2726 ubi
553 2656 670 2725 siderei
690 2654 821 2725 vultus?
843 2657 898 2725 ubi
919 2659 1022 2726 verba
1043 2656 1154 2753 ligatis

380 2778 577 2875 lmpersecta
598 2775 710 2847 sonis?
730 2779 884 2871 risusque
902 2790 935 2847 et
953 2803 1125 2849 murmura
1144 2781 1206 2851 soli

380 2900 551 2970 Intellecta
569 2898 674 2968 milri?
693 2900 822 2992 quoties
845 2899 905 2967 tibi
924 2903 1094 2986 Lemnon,
1115 2916 1149 2971 et
1168 2907 1259 2998 Argo

380 3025 480 3092 Sueta
500 3020 610 3114 loqui,
631 3034 665 3087 et
683 3018 782 3115 longa
801 3044 955 3089 somnum
974 3021 1112 3092 suadere
1132 3023 1288 3118 querela?

312 3218 315 3224 ,
382 3146 437 3212 Sic
456 3141 609 3236 equidem
627 3140 736 3210 luctus
754 3140 902 3229 solabar,
921 3158 955 3212 et
973 3144 1079 3213 ubera.
1090 3166 1196 3239 parvo

382 3270 400 3334 J
402 3290 455 3334 am
470 3277 619 3332 materna
633 3261 771 3347 dabam,
788 3265 842 3332 cui
857 3288 947 3332 nunc
961 3267 1050 3334 venit
1064 3267 1177 3336 irritus
1193 3266 1245 3339 ori

382 3388 510 3472 Laetis,
531 3399 565 3453 et
583 3382 697 3451 infelix
716 3385 751 3451 in
771 3382 908 3453 vulnera
927 3383 1068 3479 liquitur
1087 3390 1202 3457 imber.

382 3510 494 3578 Nosco
513 3510 604 3576 Deos
624 3532 633 3573 t
653 3530 675 3606 ⁰,
694 3505 779 3573 dura
797 3506 859 3574 mei
881 3509 1039 3601 presagia
1058 3512 1183 3599 somni,

381 3628 614 3722 Nocturnique
633 3642 761 3713 metus,
779 3642 813 3695 et
832 3652 1003 3721 nunquam
1023 3630 1159 3725 impune
1179 3658 1241 3727 per
1262 3632 1385 3702 umbras

382 3751 540 3820 Attonitae
556 3749 638 3816 mihi
657 3751 728 3817 visa
746 3745 878 3818 Venus!
897 3773 981 3843 quos
999 3774 1105 3846 arguo
1123 3754 1252 3823 Divos?

383 3874 457 3964 Ipse
474 3894 537 3965 ego
555 3884 589 3938 te
604 3868 707 3963 (quid
725 3872 815 3938 enim
828 3871 969 3939 timeam
986 3874 1150 3942 moritura
1167 3873 1307 3971 leterii)

266 4071 269 4077 ¹
383 3992 528 4086 Exposui
545 3990 619 4060 fatis
637 4017 645 4058 :
662 4016 736 4085 qua
753 3994 896 4060 mentem
913 3993 1040 4062 insania
1056 3994 1178 4063 traxit?
