2934 4950
79 462 148 518 m>
386 451 578 508 snvsnuu
597 449 706 509 umus
726 451 763 508 11.
1059 459 1093 517 tt
1112 516 1115 522 ,

78 585 111 649 lu
125 578 220 648 modo
240 577 331 646 fusus
348 579 464 665 humi,
483 576 590 647 lucem
609 580 770 648 aversaris
788 580 950 672 iniquam;

75 693 153 768 llune
169 714 301 786 torvus,
318 700 443 792 pariter
460 710 565 766 vestes
583 711 617 782 et
635 711 771 792 pectora
786 699 928 793 rumpis,

73 817 266 912 Dilectosque
283 820 407 913 premis
423 819 534 903 visus,
550 831 583 886 et
598 817 718 912 frigida
732 817 816 888 libas

73 937 173 1006 Oscula
192 965 201 1007 ε
223 953 321 1007 erant
337 937 404 1009 illic
422 925 563 1033 genitor,
580 951 752 1032 materque
767 927 906 1032 iacentis

72 1061 187 1145 lloesta;
206 1058 266 1127 sed
287 1059 419 1128 attoniti
438 1073 470 1127 te
487 1072 675 1153 spectavere
692 1074 857 1154 parentes.

108 1179 193 1268 Quid
209 1177 360 1248 mirum?
379 1177 473 1274 plebs
488 1195 607 1250 cuncta
626 1180 733 1266 nefas,
752 1194 786 1249 et
801 1181 923 1276 praevia
939 1179 1063 1251 flerunt

72 1301 209 1392 Agmina,
226 1299 394 1368 Flaminio
410 1324 484 1393 quae
500 1298 605 1368 limite
620 1297 757 1393 Milvius
774 1325 876 1394 agger

71 1419 273 1507 Transvebit‚
291 1420 476 1488 immeritus
493 1419 634 1487 flammis
651 1418 732 1488 dum
749 1419 897 1487 tristibus
914 1419 1023 1488 infans

71 1537 221 1624 Traditur,
239 1551 275 1606 et
291 1539 451 1633 gemitum
470 1537 641 1632 formaque
659 1562 795 1632 aevoque
812 1552 968 1607 meretur.

72 1655 144 1724 Talis
159 1647 194 1726 iri
210 1658 408 1726 Isthmiacos
425 1655 574 1751 prolatus
591 1657 632 1725 ab
649 1682 781 1752 aequore
798 1672 913 1752 portus

72 1775 245 1872 Naufragus
263 1779 418 1872 imposita
432 1779 537 1872 jacuit
554 1777 615 1845 sub
635 1791 741 1845 matre
757 1775 948 1846 Palaemon:

73 1895 115 1962 Sic
128 1909 158 1964 et
173 1899 208 1965 in
225 1897 407 1992 anguiferae
423 1883 593 1966 ludentem
608 1899 759 1992 gramine
775 1899 892 1966 lernae

73 2016 232 2086 precisum
250 2017 433 2110 squammis
450 2016 584 2090 rabidus
604 2015 681 2087 tulit
698 2018 815 2111 anguis
833 2015 1010 2111 Ophelten.

112 2125 193 2206 Pone
211 2151 342 2225 metus,
360 2136 483 2232 letique
499 2139 606 2206 minas
623 2137 743 2206 desiste
757 2138 865 2204 vereri
884 2164 892 2205 :

75 2253 156 2324 lllum
172 2283 234 2328 nec
254 2272 349 2326 terno
367 2249 500 2328 latrabit
516 2259 680 2328 Cerberus
698 2282 756 2326 ore

75 2375 160 2446 Nulla
175 2404 274 2448 soror
291 2379 452 2466 flammis,
471 2378 563 2450 nulla
580 2380 826 2475 assurgentibus
842 2378 957 2472 hydris

75 2498 205 2568 Terrebit
225 2526 233 2567 :
254 2501 336 2595 quin
356 2501 426 2595 ipse
443 2500 546 2569 avidae
563 2514 639 2570 trux
656 2502 770 2568 navita
786 2499 910 2593 cymbae

76 2618 199 2688 Interius
216 2618 390 2689 steriles
364 2644 472 2715 ripas,
488 2634 521 2689 et
539 2619 653 2689 adusta
673 2620 798 2689 subibit

40 2734 191 2869 litora,
208 2765 255 2809 ne
271 2764 376 2835 puero
393 2740 476 2808 dura
495 2740 678 2811 ascendisse
695 2737 843 2810 facultas

40 2806 198 2946 Quid
218 2860 303 2929 mibi
320 2859 476 2955 gaudenti
494 2858 603 2955 proles
619 2858 817 2953 Cyllenia
787 2884 879 2954 virga

76 2978 226 3048 Nuntiat?
243 2994 335 3049 estne
352 2979 478 3075 aliquid
495 2994 562 3051 tam
581 3004 666 3049 saevo
684 2982 719 3049 in
737 2994 888 3073 tempore
903 2976 1043 3047 laetum?

77 3098 237 3169 «Noverat
254 3098 412 3196 effigiem,
429 3101 646 3196 generosique
663 3100 768 3170 ardua
784 3097 878 3169 blaesi

77 3216 134 3284 Ora
149 3244 245 3313 puer,
263 3219 343 3288 dum
360 3246 445 3315 saepe
462 3220 552 3293 domi
569 3244 658 3289 nova
670 3234 757 3289 serta
774 3217 933 3314 ligantem

76 3336 114 3403 'le
128 3338 234 3428 ridet,
253 3352 288 3408 et
303 3338 425 3411 sinules
445 3354 627 3436 tergentem
645 3354 779 3434 pectore
795 3364 901 3409 ouras.
917 3343 921 3355 '

76 3455 159 3527 Hunc
174 3460 235 3529 ubi
249 3460 376 3529 Lethau
392 3458 588 3530 lustrantem
604 3461 744 3556 gurgitis
759 3484 835 3528 oras

77 3578 226 3649 Anonos
245 3582 333 3650 inter
348 3604 520 3676 proceres,
537 3581 722 3674 seriemque
738 3581 873 3669 Quirini

77 3698 226 3791 Agnovit,
243 3700 360 3771 timide
377 3702 522 3795 primum
540 3701 678 3796 uestigia
693 3701 806 3795 jungit

77 3818 203 3890 looossu
220 3824 338 3911 tacito,
357 3846 569 3916 summosque
585 3819 714 3890 lacessit
731 3822 879 3889 amictus.

77 3936 146 4009 lude
160 3943 263 4038 magis
280 3943 433 4037 sequitur
443 3969 451 4012 ε
461 3967 568 4037 neque
584 3942 674 4011 enim
691 3942 795 4036 magis
811 3938 868 4008 ille
885 3939 1070 4009 trahentem

77 4054 209 4151 spemn,
225 4077 258 4132 et
276 4063 393 4158 ignota
410 4062 514 4132 credit
532 4063 573 4132 de
590 4064 692 4157 stirpe
711 4076 881 4154 nepotum.
