2934 4950
74 516 196 581 (*'·²⁶⁵·)
388 513 601 571 Tmtmos
621 510 732 569 uum
751 507 805 567 lx.
1073 501 1124 557 151
1214 582 1218 588 Ι

74 640 311 737 Efflantesque
327 640 454 711 animas
469 654 561 709 retro
577 638 699 733 premit
715 634 836 705 obvius
853 628 972 703 amnis.

127 761 338 833 Flumineam
356 762 508 857 rapiente
526 758 614 829 vado
631 782 716 853 puer
729 756 852 850 Agrius
868 750 998 823 ulmum

74 882 286 971 Prenderat,
307 884 452 979 insignes
472 882 629 951 humeros
648 878 740 949 ferus
755 900 834 947 ense
851 876 1042 945 Menoeceus

79 1009 244 1099 Amputat
263 1031 270 1073 :
288 1003 344 1074 ille
359 1002 498 1091 eadent,
516 1001 668 1073 nondum
685 999 860 1071 conamine
878 995 1033 1083 ademto,

77 1129 236 1195 Truncus
254 1126 288 1195 in
304 1124 442 1195 exoelsis
458 1139 586 1221 spectat
602 1148 662 1192 sua
680 1122 818 1191 brachia
837 1118 949 1188 ramis

78 1253 236 1343 Hypseos
255 1248 351 1317 hasta
368 1248 478 1342 Sagen
497 1245 623 1342 ingenti
642 1242 783 1313 vulnere
796 1241 935 1310 mersit:

78 1370 144 1439 Ille
162 1384 278 1439 manet
294 1368 419 1455 fundo,
436 1368 536 1438 rediit
553 1391 616 1462 pro
633 1388 775 1460 corpore
792 1362 937 1457 sanguis.
993 1425 996 1429 ,

130 1491 278 1561 Desiiuit
295 1494 377 1597 ripis
395 1491 532 1560 fratrem
548 1502 708 1584 rapturus
727 1489 863 1581 Agenor

80 1620 161 1683 Heu
178 1615 291 1699 miser,
309 1628 343 1683 et
359 1613 487 1703 tenuit;
504 1612 562 1681 sed
578 1611 711 1681 saucius
729 1607 784 1677 iile
800 1605 964 1676 levantem

81 1740 260 1831 Degravat
273 1734 427 1831 amplexu
444 1762 452 1803 ε
472 1744 604 1829 poterat
622 1729 787 1801 resolutus
806 1732 942 1823 Agenor

82 1858 270 1926 Emersisse
285 1856 395 1944 vadis,
412 1854 534 1951 puduit
548 1856 621 1924 sine
639 1852 742 1922 fratre
756 1849 892 1920 reverti.

134 1984 312 2075 Surgetem
326 1977 444 2047 dextra
459 1976 680 2071 Chaletuum,
696 1970 884 2063 vulnusque
901 1970 1084 2037 minantem

86 2101 255 2173 sorbebat
271 2098 407 2195 rapidus
426 2097 551 2168 nodato
568 2097 699 2191 gurgite
714 2106 854 2161 vortex:

84 2231 161 2321 Jam
175 2222 290 2314 vultu,
303 2224 375 2318 jam
391 2224 483 2292 crine
500 2216 599 2309 latet,
613 2219 684 2313 jam
701 2216 837 2285 dextera
855 2235 1039 2305 nusquam,

88 2349 240 2419 Ultimus
258 2348 418 2442 abruptas
435 2345 525 2414 ensis
542 2336 713 2411 deseendit
728 2338 764 2404 in
782 2332 901 2403 undas.

87 2471 186 2544 Mitte
206 2470 313 2541 modis
333 2468 389 2538 leti
408 2469 545 2538 miseros
565 2487 656 2532 mors
674 2483 742 2528 una
761 2456 890 2550 fatigat.

88 2595 208 2667 Induit
225 2621 244 2664 a
261 2607 356 2689 tergo
368 2573 552 2686 ¹Mycalesia
569 2585 679 2679 cuspis
699 2585 870 2675 Agyrten:

89 2719 268 2814 Respexit,
288 2737 452 2808 nusquam
475 2717 702 2794 auctorterat3
721 2700 796 2789 sed,
815 2698 946 2767 concita
964 2708 1074 2763 tractu

91 2840 262 2935 Gurgitis,
281 2837 442 2931 effugiens
460 2835 634 2901 invenerat
652 2827 748 2895 hasta
767 2841 933 2891 cruorem.

141 2963 274 3057 Figitur
291 2976 325 3028 et
342 2957 470 3027 validos
491 2955 625 3048 sonipes
644 2945 774 3018 AEtoius
795 2944 829 3010 in
849 2963 979 3027 armos,

92 3081 303 3175 Exsiluitque
324 3079 389 3148 alte
410 3079 448 3146 vi.
462 3075 598 3158 mortis,
618 3086 652 3139 et
669 3091 746 3138 aera
767 3061 919 3159 pendens

93 3207 260 3276 Verberat
276 3229 284 3272 ε
299 3199 391 3271 haud
412 3215 522 3269 tamen
541 3208 592 3264 est
610 3191 765 3261 turbatus
782 3185 922 3254 humine
937 3179 1080 3248 duetor:

94 3329 161 3399 Sed
176 3328 354 3397 miseratur
371 3343 514 3416 equum,
534 3337 724 3410 magnoque
745 3305 924 3378 e'vuhtere
944 3297 1047 3370 telum

96 3453 196 3522 Exuit
215 3451 286 3545 ipse
305 3469 460 3545 gemens,
479 3457 512 3511 et
530 3452 649 3534 sponte
668 3433 796 3504 remisit
813 3429 972 3498 habenas.

96 3575 179 3645 inde
199 3571 299 3670 pedes
317 3569 437 3665 repetit
453 3585 599 3662 pugnas,
618 3575 820 3655 gressuque,
841 3569 1009 3640 manuque

98 3699 241 3784 Certior,
260 3709 294 3763 et
311 3715 444 3789 segnem
462 3685 641 3768 Nomium,
661 3677 850 3767 sortemque
866 3671 1048 3753 Mimanta,

97 3819 362 3909 Thebanumque
381 3811 529 3897 Lichan,
554 3799 872 3888 Anthedoniumque
891 3794 1050 3885 Lycetum

101 3941 285 4012 Continuat
302 3941 410 4022 ferro,
433 3928 637 4026 geminisque
652 3947 671 3991 e
689 3917 848 3990 fratribus
867 3936 971 3981 uuum

100 4057 309 4155 Thespiaden
326 4061 464 4125 :eadem
483 4047 632 4148 poscenti
648 4045 716 4115 fata
734 4045 900 4120 Panemo,

103 4185 212 4254 «Vive
232 4191 412 4274 superstes,
434 4177 498 4263 ait,
520 4171 663 4263 direque
681 4167 725 4236 ad
740 4160 861 4231 moenia
880 4152 1011 4224 Thebes
