2934 4950
384 436 441 490 cdo
758 431 1057 492 ADNOTA'EIONES

383 555 492 608 Locros
513 563 667 608 vexassent.
685 576 697 601 ι
712 553 861 622 Gronov„
880 570 909 625 p.
930 549 997 626 329.
1019 553 1053 608 In
1073 563 1134 625 quo
1153 549 1247 623 capite
1268 545 1321 626 (ι)
1341 549 1415 603 multa

383 645 550 702 similia..be
562 663 630 702 sane
638 664 674 702 eo
683 645 802 702 fortasse
814 663 967 722 progressa
981 656 1023 700 est
1035 644 1167 700 Statianae
1176 642 1360 699 affectationis
1370 661 1415 697 ιιι-

364 805 370 816 ,
384 739 473 796 dacia.
486 739 621 796 Ceterum
636 739 740 796 Markl.
751 757 812 796 non
824 741 898 795 male
914 738 1068 814 proposuit
1082 739 1252 805 nudassent,
1264 747 1298 791 ut
1311 735 1417 802 deluit,

383 852 416 903 1,·
427 833 465 888 86
486 854 494 888 :

492 1013 498 1025 .
510 1013 517 1025 .
527 1013 534 1026 .
546 1014 553 1028 .
565 1014 571 1026 .
583 975 717 1026 AErcides...
731 973 846 1042 sanguiue
859 976 963 1025 Teucros

492 1058 600 1110 Undabit
613 1075 717 1126 campos.

428 1193 461 1245 In
477 1192 610 1248 dabam
623 1192 661 1270 (v.
680 1192 743 1273 65).
761 1196 842 1272 Lege
851 1197 997 1263 dextrum,
1012 1193 1220 1268 imperantibus
1238 1191 1326 1248 codd.
1340 1202 1367 1248 et
1378 1211 1422 1248 usu

384 1283 504 1360 lingum
518 1284 585 1342 vide
598 1288 716 1347 Mam.
736 1289 781 1344 De
797 1287 972 1362 procedenti
990 1307 1072 1344 versu
1087 1286 1165 1343 idem
1178 1284 1361 1342 difficultates
1369 1305 1422 1340 mc
1447 1313 1448 1318 ι

385 1376 427 1431 vit
443 1396 450 1430 :
466 1377 517 1433 sed
533 1377 564 1432 in
577 1390 724 1456 zeugmate
742 1380 896 1437 stamendo
910 1379 1151 1456 acquiescendum
1164 1391 1220 1449 est,
1237 1379 1306 1454 quia
1323 1379 1386 1436 Ursi
1401 1379 1423 1433 in

385 1468 439 1526 illis
454 1470 622 1547 regionibus
634 1473 826 1547 possessiones
839 1485 997 1550 earumque
1013 1474 1099 1530 situm
1111 1492 1172 1528 non
1185 1473 1328 1528 novimus

388 1628 392 1637 ,
432 1563 533 1620 Vitoe...
542 1563 698 1644 udultoe(v.
710 1585 748 1638 70
757 1566 842 1647 sqq.).
856 1567 1072 1624 Adolescentia.
1086 1567 1161 1621 Elea
1174 1567 1264 1620 lustra
1274 1568 1341 1621 suut
1350 1567 1424 1638 olym

385 1656 493 1730 piades.
516 1660 610 1716 Multa
632 1659 681 1715 bic
700 1659 738 1716 de
760 1661 877 1736 singulis
904 1660 1012 1717 Mariti.¹
1031 1659 1239 1716 Rhamnusiam
1258 1670 1345 1733 poeta
1369 1657 1424 1712 dicit

386 1751 529 1813 Invidiam
547 1754 587 1808 ob
604 1752 705 1810 similia
723 1754 783 1810 fere
802 1755 904 1814 effecta
924 1774 990 1810 eum
1009 1752 1123 1810 Nemesi
1143 1763 1171 1808 et
1190 1763 1218 1812 τὸ
1231 1761 1293 1812 teies
1315 1760 1424 1830 φοινιρέι,

386 1863 481 1918 neque
496 1855 590 1902 tamen
602 1846 738 1903 Nemesin
755 1857 785 1903 et
802 1847 944 1910 Invidiam
964 1845 1063 1902 eudem
1077 1863 1137 1901 esse
1156 1843 1275 1900 numina
1286 1843 1424 1910 eredidit,

385 1948 420 1992 ut
439 1938 542 1994 Markl.
562 1940 642 2009 vult,
660 1940 745 1996 etiam
763 1939 794 1996 in
814 1959 850 1996 eo
863 1941 951 1996 falsus
959 1938 1048 2015 quod
1066 1937 1332 2010 Rhamnusiamap.
1349 1937 1424 1992 Clau-

386 2029 462 2086 dian.
470 2072 479 2102 ‚
487 2032 524 2086 de
537 2034 611 2088 Bell.
630 2034 710 2101 Get,
731 2032 806 2105 631,
819 2032 961 2089 Invidiam
976 2032 1191 2106 interpretatur.
1206 2031 1299 2086 Multa
1311 2031 1358 2086 hic
1371 2031 1424 2085 Sta-

387 2122 444 2178 tius
460 2123 555 2180 hausit
569 2143 606 2181 ex
619 2125 804 2182 celeberrima
822 2125 921 2185 Ovidii
934 2125 1062 2200 pictura,
1082 2125 1219 2190 uideram„
1239 2141 1272 2177 11.

429 2217 557 2272 Genitnic
585 2218 638 2273 tibi
663 2237 742 2274 soevu
762 2221 880 2275 lacertos
899 2216 943 2296 (v.
966 2216 1025 2295 83).
1051 2217 1180 2273 Obvium
1200 2227 1261 2272 erat
1280 2215 1424 2271 correxisse

386 2309 454 2376 sabi,
477 2310 560 2384 quod
574 2311 603 2366 iu
621 2310 756 2367 codicum
768 2311 856 2368 Paris
871 2323 900 2369 et
913 2310 1016 2368 Crucei
1035 2307 1165 2387 margine
1183 2309 1290 2366 factum
1313 2328 1372 2365 esse
1389 2306 1425 2361 vi-

387 2402 458 2475 deo,
470 2402 619 2480 mirorque
632 2423 693 2460 non
707 2404 820 2460 dudum
833 2405 870 2460 ab
885 2404 1045 2461 editoribus
1058 2414 1215 2479 receptum.
1230 2403 1305 2458 Nam
1318 2413 1360 2458 est
1373 2419 1426 2456 acu·

386 2496 470 2553 minis
478 2497 597 2555 Statiani
605 2497 746 2575 genuinus
753 2494 872 2555 fructus.
887 2500 922 2554 In
935 2497 1079 2573 superiori
1086 2516 1171 2554 versu
1178 2516 1234 2571 pro
1248 2515 1330 2552 «non
1339 2478 1424 2553 saevius

387 2600 480 2662 atros,
494 2615 507 2643 s
521 2592 706 2649 scribendum
719 2610 778 2649 esse
795 2591 933 2649 videtur:
948 2616 961 2642 α
974 2610 1034 2647 uon
1051 2592 1165 2667 segnius
1184 2608 1209 2646 a.
1227 2612 1239 2640 s
1257 2589 1363 2645 Mariti.
1375 2588 1425 2643 ruit

388 2709 400 2733 α
416 2683 523 2757 secius,
536 2709 549 2737 s
563 2684 645 2761 quod
657 2684 752 2741 minus
764 2686 895 2760 probem.
910 2684 986 2742 illud
1000 2684 1134 2741 ductibus
1147 2702 1266 2759 quoque
1279 2684 1424 2740 litterarum

387 2778 609 2836 convenientius.

427 2873 522 2930 Reis...
536 2878 629 2950 raptis
642 2875 680 2954 (v.
695 2874 759 2953 95).
774 2876 842 2933 Non
855 2898 868 2927 α
883 2874 940 2931 reis
953 2884 1058 2948 praeter
1070 2891 1150 2947 spem
1163 2872 1270 2948 ereptis
1282 2871 1425 2947 judicius

388 2976 420 3020 ut
434 2966 603 3041 explicatur,
617 2970 668 3027 sed
680 2969 737 3027 reis
750 2968 781 3023 in
792 2967 840 3041 jus
853 2966 955 3042 raptis,
969 2977 1038 3023 nota
1051 2966 1209 3023 locutione.

429 3060 545 3117 Solvdti
554 3082 566 3131 ;
578 3063 653 3119 subit
664 3061 714 3118 ille
723 3064 794 3138 pios·
806 3057 845 3140 (v.
860 3056 923 3140 98).
938 3061 1012 3117 Sane
1026 3058 1126 3116 durius
1139 3058 1256 3115 «subire
1274 3058 1373 3133 pios3v
1385 3055 1426 3113 sed

388 3152 501 3207 admitti
515 3172 577 3210 non
589 3165 686 3230 potest
697 3156 737 3212 ob
751 3166 847 3213 cetera
859 3152 923 3211 Nic.
937 3152 1046 3211 Heinsii
1060 3152 1222 3209 emendatio
1237 3163 1385 3227 tantopeie
1394 3148 1428 3205 di

388 3244 503 3301 laudata
516 3265 533 3304 a
546 3249 711 3305 Burmanno
725 3248 763 3305 ad
777 3247 891 3305 Anthol.
908 3250 973 3315 lat,
989 3257 1009 3303 t.
1025 3266 1065 3318 ιι,
1078 3266 1108 3321 p.
1124 3244 1161 3303 55
1176 3265 1184 3300 t

496 3405 552 3452 Iam
565 3402 631 3453 lucos
644 3403 708 3454 subit
720 3403 762 3453 ille
771 3402 832 3471 pios.

843 3490 862 3528 c

428 3544 580 3619 Movetque
604 3543 785 3620 habitumque
804 3544 912 3599 decoris
933 3540 970 3621 (v.
996 3540 1071 3619 rot).
1093 3542 1154 3599 MS.
1173 3542 1301 3599 Florent.
1320 3550 1350 3596 et
1371 3534 1429 3597 edd.

389 3634 522 3710 quadam
534 3647 603 3693 vett
617 3661 630 3688 ι
644 3637 767 3697 decoros
782 3656 788 3691 :
803 3659 818 3688 ιι
833 3655 924 3711 quare
937 3634 1091 3712 legendum
1109 3658 1125 3687 α
1137 3653 1292 3710 moresque
1304 3633 1427 3690 habitau-

389 3748 445 3804 que
464 3731 582 3793 decom
599 3750 610 3785 .·
626 3754 639 3781 ι
658 3749 717 3787 vox
730 3729 807 3787 enim
825 3730 955 3797 habitos,
971 3728 1090 3803 quando
1104 3728 1141 3784 de
1154 3727 1251 3784 aabuo
1265 3736 1429 3802 usurpatur,

389 3842 511 3888 numero
525 3824 716 3882 multitudinis
728 3826 899 3898 plerumque
913 3822 1041 3879 efferum.
1057 3847 1069 3873 n
1084 3824 1216 3893 Maura,
1231 3840 1318 3897 quem
1330 3840 1359 3877 v.

377 3909 380 3915 ’
430 3918 523 3973 Canu.
538 3918 603 3974 VII.
618 3919 652 3973 In
664 3920 750 3974 Pollae
763 3916 952 3994 Argentariae,
966 3914 1075 3971 Lucani
1087 3924 1180 3988 poeta
1194 3914 1306 3985 uxoris,
1319 3911 1430 3990 gratiam

390 4010 536 4085 scriptum.
551 4011 787 4087 Hendecasyllahi
803 4030 809 4065 :
824 4009 890 4067 vide
904 4010 997 4083 Epist.

435 4104 547 4161 Vestem
555 4103 734 4180 perfundant
747 4106 840 4162 ederoe
859 4100 899 4183 (v.
926 4100 979 4181 ιι).
996 4104 1018 4157 1.
1035 4120 1058 4158 e.
1074 4100 1256 4159 abundantet
1274 4096 1429 4172 injiciantur
