2934 4950
58 360 172 429 (1625.)
253 452 257 459 Ι
366 366 582 425 mastinos
603 370 713 425 LIBER
734 370 781 423 Vl.
1066 379 1103 433 77

56 489 180 584 Ungue
194 505 299 579 secat,
314 493 537 585 meritamque
553 516 699 579 comam;
712 493 793 563 furit
809 493 957 587 undique
972 490 1098 562 clamor

23 694 24 697 Ἴ
55 613 234 700 Dissonus,
255 614 514 707 ambiguumque
533 615 619 683 senis
636 630 813 685 cunctatur
829 614 963 686 Adrasti

55 733 241 803 Consilium
260 735 506 830 :tandem'ipse
524 736 626 805 refert
644 764 652 807 ε
670 738 907 833 «Compescite
924 734 1034 823 litem,

56 859 93 924 Ο
109 854 215 950 pueri!
238 858 343 925 virtus
365 858 486 932 iterum
507 858 691 927 tentanda:
712 850 770 928 sed
791 859 835 927 ite

55 978 176 1046 Limite
195 1003 265 1047 non
284 1002 352 1046 uno
368 1004 376 1046 :
392 978 478 1047 latus
498 980 562 1048 hoc
579 979 773 1049 conceditur
788 980 873 1067 Idae,

56 1104 110 1167 Tu
128 1100 259 1169 diversa
272 1114 348 1169 tene
365 1127 372 1168 :
390 1100 480 1169 fraus
496 1101 650 1171 cursibus
667 1102 945 1181 omnisabcsto.»

106 1220 305 1307 Audierant,
326 1220 481 1315 dictoque
501 1237 662 1313 manent:
681 1248 760 1291 mox
776 1223 916 1292 numina
936 1219 1075 1316 supplex

23 1424 24 1433 ἵ
60 1340 170 1410 Allatu
188 1342 290 1409 tacito
304 1342 435 1435 juvenis
452 1346 607 1437 Tegeaeus
625 1342 763 1412 adorat:

59 1464 171 1531 «Diva
186 1478 304 1557 potens
315 1487 506 1551 nemorum,
525 1464 585 1547 tibi
597 1467 702 1551 enim,
721 1465 777 1534 hic
791 1465 850 1533 tibi
867 1465 969 1533 crinis
978 1464 1100 1535 honori

59 1578 211 1671 Debitus,
233 1608 317 1676 eque
335 1598 393 1652 tuo
410 1585 502 1653 venit
518 1586 588 1654 haee
605 1587 728 1679 injuria
745 1601 840 1674 voto,

59 1707 93 1772 Si
108 1707 189 1774 bene
207 1704 289 1801 quid
308 1707 468 1800 genitrix,
488 1708 515 1775 si
531 1708 613 1801 quid
633 1709 807 1777 venatibus
824 1710 894 1803 ipse

59 1828 248 1915 Promerui,
268 1852 327 1915 ne,
348 1852 474 1921 quase,
495 1830 583 1897 sinas
601 1829 665 1899 hoc
680 1831 791 1899 omine
806 1829 937 1897 Thebas

61 1952 128 2035 Ire,
148 1974 210 2017 nec
228 1948 378 2017 Arcadiae
396 1964 524 2019 tantum
543 1952 701 2020 meruisse
721 1950 918 2046 pudorem.»

107 2070 267 2142 Auditum
286 2066 460 2141 manifesta
475 2071 555 2141 fides
572 2096 580 2140 ε
600 2074 654 2141 vix
675 2098 812 2168 campus
825 2087 959 2142 euntem

62 2194 181 2281 Sentit,
204 2207 239 2260 et
257 2190 351 2271 exilis
371 2190 493 2286 plantis
510 2194 690 2264 intervenit
708 2220 775 2283 aer,

64 2318 213 2407 llaraque
231 2339 301 2382 non
320 2313 425 2395 fracto
444 2316 581 2409 vestigia
601 2314 737 2409 pulvere
754 2316 922 2411 pendent:

106 2436 233 2530 Irrupit
251 2432 395 2514 clamore
413 2433 518 2520 fores,
539 2433 684 2506 clamore
701 2438 844 2506 recurrit

64 2562 144 2628 Ante
161 2557 300 2643 ducem,
319 2581 508 2651 prensaque
528 2556 616 2626 levat'
636 2560 778 2652 suspiria
796 2556 916 2652 palma.

109 2681 207 2748 Finiti
226 2703 359 2765 cursus,
380 2703 586 2772 operumque
604 2680 748 2773 insignia
767 2693 898 2774 praesto.

65 2805 160 2869 Arcas
179 2823 303 2894 equum
323 2797 429 2886 dono,
448 2799 599 2895 clypeum
618 2803 703 2896 gerit
720 2799 892 2894 improbus
911 2799 1002 2886 Idas,

66 2925 178 2990 Cetera
197 2918 290 3015 plebs
310 2921 420 3014 Lyciis
439 2919 562 3015 gaudet
583 2935 740 3002 contenta
757 2920 932 3015 pharetris.

110 3047 203 3111 Tunc
224 3056 338 3128 vocat,
357 3044 475 3110 emisso
494 3044 520 3111 si
539 3043 613 3136 quis
631 3041 809 3111 decernere
827 3042 918 3110 disco

67 3165 218 3260 impiger,
241 3179 275 3232 et
286 3164 379 3231 'vires
395 3139 475 3232 ielii
494 3179 660 3234 ostentare
678 3165 848 3259 superbas.

67 3288 93 3353 lt
109 3287 217 3381 jussus
235 3283 398 3368 Pterelas,
416 3300 450 3354 et
471 3287 584 3356 alrenae
603 3277 861 3356 lubrica'massae

68 3407 213 3476 Pondere
231 3408 287 3474 vix
304 3421 375 3475 toto
394 3421 551 3476 curvatus
568 3431 707 3502 corpore
722 3408 818 3501 juxta

70 3530 184 3622 chicit
199 3503 212 3596 :¹
226 3529 413 3622 inspectant
433 3528 542 3615 taciti,
561 3528 823 3623 expenduntque
839 3527 987 3596 laborem

69 3649 229 3718 Inachidae
246 3665 351 3718 :mox
369 3650 468 3718 turba
487 3664 591 3718 ruunt
608 3676 616 3718 :
633 3650 700 3718 duo
718 3650 825 3743 gentis
839 3647 985 3735 Achaeae,

71 3773 143 3840 Tres
160 3770 395 3866 Ephyreiadae,
415 3773 490 3840 Pisa
510 3787 599 3840 satus
616 3796 718 3856 unus,
742 3773 897 3838 Acarnan

72 3893 253 3986 Septimus:
273 3907 308 3960 et
325 3891 435 3987 plures
453 3893 599 3988 agitabat
615 3889 738 3987 gloria,
759 3892 793 3959 ni
812 3915 847 3959 se

73 4015 197 4084 Arduus
213 4012 450 4106 Hippomedon
469 4038 569 4083 cavea
591 4011 781 4082 stimulante
800 4010 928 4082 tulisset
