<?xml version="1.0" encoding="UTF-8"?>
<!DOCTYPE html PUBLIC "-//W3C//DTD XHTML 1.0 Transitional//EN"
    "http://www.w3.org/TR/xhtml1/DTD/xhtml1-transitional.dtd">
<html xmlns="http://www.w3.org/1999/xhtml" xml:lang="en" lang="en">
 <head>
  <title>
</title>
<meta http-equiv="Content-Type" content="text/html;charset=utf-8" />
  <meta name='ocr-system' content='tesseract 3.04.00' />
  <meta name='ocr-capabilities' content='ocr_page ocr_carea ocr_par ocr_line ocrx_word'/>
</head>
<body>
  <div class='ocr_page' id='page_1' title='image "./operaquaeextant01dbgoog_0550.png"; bbox 0 0 2934 4950; ppageno 0'>
   <div class='ocr_carea' id='block_1_1' title="bbox 40 404 1108 473">
    <p class='ocr_par' dir='ltr' id='par_1_1' title="bbox 40 404 1108 473">
     <span class='ocr_line' id='line_1_1' title="bbox 40 404 1108 473; baseline 0.006 -17"><span class='ocrx_word' id='word_1_1' title='bbox 40 407 172 473; x_wconf 58' lang='lat' dir='ltr'><strong>(aas.)</strong></span> <span class='ocrx_word' id='word_1_2' title='bbox 363 404 576 465; x_wconf 78' lang='lat' dir='ltr'><strong>rnnsamos</strong></span> <span class='ocrx_word' id='word_1_3' title='bbox 597 406 707 465; x_wconf 83' lang='lat' dir='ltr'><strong>unm</strong></span> <span class='ocrx_word' id='word_1_4' title='bbox 729 406 782 463; x_wconf 81' lang='lat' dir='ltr'><strong>xr.</strong></span> <span class='ocrx_word' id='word_1_5' title='bbox 1052 408 1108 465; x_wconf 64' lang='lat' dir='ltr'><strong>aaa</strong></span> 
     </span>
    </p>
   </div>
   <div class='ocr_carea' id='block_1_2' title="bbox 40 531 1075 3440">
    <p class='ocr_par' dir='ltr' id='par_1_2' title="bbox 40 531 900 635">
     <span class='ocr_line' id='line_1_2' title="bbox 40 531 900 635; baseline -0.003 -30"><span class='ocrx_word' id='word_1_6' title='bbox 40 536 100 605; x_wconf 89' lang='lat' dir='ltr'><strong>Sic</strong></span> <span class='ocrx_word' id='word_1_7' title='bbox 120 532 220 604; x_wconf 88' lang='lat' dir='ltr'><strong>avidi</strong></span> <span class='ocrx_word' id='word_1_8' title='bbox 239 533 440 603; x_wconf 87' lang='lat' dir='ltr'><strong>incurrunt:</strong></span> <span class='ocrx_word' id='word_1_9' title='bbox 456 558 520 603; x_wconf 84' lang='lat' dir='ltr'><strong>neo</strong></span> <span class='ocrx_word' id='word_1_10' title='bbox 533 533 616 635; x_wconf 83' lang='lat' dir='ltr'><strong>dum</strong></span> <span class='ocrx_word' id='word_1_11' title='bbox 632 531 744 608; x_wconf 83' lang='lat' dir='ltr'><strong>letalia</strong></span> <span class='ocrx_word' id='word_1_12' title='bbox 759 534 900 604; x_wconf 85' lang='lat' dir='ltr'><strong>misoent</strong></span> 
     </span>
    </p>

    <p class='ocr_par' dir='ltr' id='par_1_3' title="bbox 41 652 1045 751">
     <span class='ocr_line' id='line_1_3' title="bbox 41 652 1045 751; baseline 0.004 -28"><span class='ocrx_word' id='word_1_13' title='bbox 41 656 231 745; x_wconf 82' lang='lat' dir='ltr'><strong>Vulnera,</strong></span> <span class='ocrx_word' id='word_1_14' title='bbox 251 652 310 723; x_wconf 87' lang='lat' dir='ltr'><strong>sed</strong></span> <span class='ocrx_word' id='word_1_15' title='bbox 326 668 456 751; x_wconf 78' lang='lat' dir='ltr'><strong>coeptus</strong></span> <span class='ocrx_word' id='word_1_16' title='bbox 474 656 610 751; x_wconf 85' lang='lat' dir='ltr'><strong>sanguis</strong></span> <span class='ocrx_word' id='word_1_17' title='bbox 627 682 637 725; x_wconf 76' lang='grc' dir='ltr'><strong><em>ε</em></strong></span> <span class='ocrx_word' id='word_1_18' title='bbox 653 654 848 750; x_wconf 69' lang='lat' dir='ltr'>facinusque</span> <span class='ocrx_word' id='word_1_19' title='bbox 862 671 1045 751; x_wconf 83' lang='lat' dir='ltr'><strong>peractum.</strong></span> 
     </span>
    </p>

    <p class='ocr_par' dir='ltr' id='par_1_4' title="bbox 42 777 1072 872">
     <span class='ocr_line' id='line_1_4' title="bbox 42 777 1072 872; baseline -0.003 -24"><span class='ocrx_word' id='word_1_20' title='bbox 42 780 76 849; x_wconf 88' lang='lat' dir='ltr'>N</span> <span class='ocrx_word' id='word_1_21' title='bbox 79 802 121 847; x_wconf 89' lang='lat' dir='ltr'><strong>ec</strong></span> <span class='ocrx_word' id='word_1_22' title='bbox 136 778 216 872; x_wconf 87' lang='lat' dir='ltr'><strong>jam</strong></span> <span class='ocrx_word' id='word_1_23' title='bbox 230 800 314 872; x_wconf 91' lang='lat' dir='ltr'><strong>opus</strong></span> <span class='ocrx_word' id='word_1_24' title='bbox 329 790 380 845; x_wconf 86' lang='lat' dir='ltr'><strong>est</strong></span> <span class='ocrx_word' id='word_1_25' title='bbox 394 778 503 847; x_wconf 85' lang='lat' dir='ltr'><strong>Furiis</strong></span> <span class='ocrx_word' id='word_1_26' title='bbox 517 802 527 845; x_wconf 73' lang='grc' dir='ltr'><strong><em>ε</em></strong></span> <span class='ocrx_word' id='word_1_27' title='bbox 542 791 674 847; x_wconf 83' lang='lat' dir='ltr'><strong>tantum</strong></span> <span class='ocrx_word' id='word_1_28' title='bbox 694 777 872 867; x_wconf 85' lang='lat' dir='ltr'><strong>mirantur,</strong></span> <span class='ocrx_word' id='word_1_29' title='bbox 889 788 924 847; x_wconf 89' lang='lat' dir='ltr'><strong>et</strong></span> <span class='ocrx_word' id='word_1_30' title='bbox 939 777 1072 847; x_wconf 74' lang='lat' dir='ltr'><strong>adaram</strong></span> 
     </span>
    </p>

    <p class='ocr_par' dir='ltr' id='par_1_5' title="bbox 40 897 1024 996">
     <span class='ocr_line' id='line_1_5' title="bbox 40 897 1024 996; baseline -0.001 -25"><span class='ocrx_word' id='word_1_31' title='bbox 40 898 267 985; x_wconf 64' lang='lat' dir='ltr'><strong>Laudamus,</strong></span> <span class='ocrx_word' id='word_1_32' title='bbox 284 899 526 995; x_wconf 84' lang='lat' dir='ltr'>hominumque</span> <span class='ocrx_word' id='word_1_33' title='bbox 542 897 658 969; x_wconf 88' lang='lat' dir='ltr'><strong>dolent</strong></span> <span class='ocrx_word' id='word_1_34' title='bbox 674 899 751 996; x_wconf 87' lang='lat' dir='ltr'><strong>plus</strong></span> <span class='ocrx_word' id='word_1_35' title='bbox 767 924 865 996; x_wconf 89' lang='lat' dir='ltr'><strong>posse</strong></span> <span class='ocrx_word' id='word_1_36' title='bbox 884 900 1024 973; x_wconf 80' lang='lat' dir='ltr'><strong>furores.</strong></span> 
     </span>
    </p>

    <p class='ocr_par' dir='ltr' id='par_1_6' title="bbox 42 1012 987 1117">
     <span class='ocr_line' id='line_1_6' title="bbox 42 1012 987 1117; baseline 0.002 -27"><span class='ocrx_word' id='word_1_37' title='bbox 42 1022 181 1091; x_wconf 84' lang='lat' dir='ltr'><strong>Fratris</strong></span> <span class='ocrx_word' id='word_1_38' title='bbox 198 1036 341 1116; x_wconf 83' lang='lat' dir='ltr'><strong>uterque</strong></span> <span class='ocrx_word' id='word_1_39' title='bbox 357 1020 473 1091; x_wconf 87' lang='lat' dir='ltr'><strong>furens</strong></span> <span class='ocrx_word' id='word_1_40' title='bbox 489 1022 583 1117; x_wconf 87' lang='lat' dir='ltr'><strong>cupit</strong></span> <span class='ocrx_word' id='word_1_41' title='bbox 599 1021 800 1117; x_wconf 79' lang='lat' dir='ltr'><strong>allectatque</strong></span> <span class='ocrx_word' id='word_1_42' title='bbox 814 1012 987 1112; x_wconf 73' lang='lat' dir='ltr'><strong>cruorem,</strong></span> 
     </span>
    </p>

    <p class='ocr_par' dir='ltr' id='par_1_7' title="bbox 43 1143 912 1232">
     <span class='ocr_line' id='line_1_7' title="bbox 43 1143 912 1232; baseline 0.001 -18"><span class='ocrx_word' id='word_1_43' title='bbox 43 1149 88 1214; x_wconf 88' lang='lat' dir='ltr'><strong>Et</strong></span> <span class='ocrx_word' id='word_1_44' title='bbox 105 1144 222 1214; x_wconf 87' lang='lat' dir='ltr'><strong>nescit</strong></span> <span class='ocrx_word' id='word_1_45' title='bbox 241 1168 377 1215; x_wconf 89' lang='lat' dir='ltr'><strong>manare</strong></span> <span class='ocrx_word' id='word_1_46' title='bbox 394 1168 492 1214; x_wconf 87' lang='lat' dir='ltr'><strong>suum</strong></span> <span class='ocrx_word' id='word_1_47' title='bbox 507 1168 517 1212; x_wconf 73' lang='grc' dir='ltr'><strong><em>ε</em></strong></span> <span class='ocrx_word' id='word_1_48' title='bbox 532 1143 667 1213; x_wconf 82' lang='lat' dir='ltr'><strong>tandem</strong></span> <span class='ocrx_word' id='word_1_49' title='bbox 684 1143 785 1216; x_wconf 87' lang='lat' dir='ltr'><strong>irruit</strong></span> <span class='ocrx_word' id='word_1_50' title='bbox 800 1143 912 1232; x_wconf 80' lang='lat' dir='ltr'><strong>exsul,</strong></span> 
     </span>
    </p>

    <p class='ocr_par' dir='ltr' id='par_1_8' title="bbox 44 1264 926 1361">
     <span class='ocr_line' id='line_1_8' title="bbox 44 1264 926 1361; baseline 0.002 -28"><span class='ocrx_word' id='word_1_51' title='bbox 44 1269 285 1360; x_wconf 77' lang='lat' dir='ltr'><strong>Hortatusque</strong></span> <span class='ocrx_word' id='word_1_52' title='bbox 304 1287 462 1351; x_wconf 90' lang='lat' dir='ltr'><strong>manum,</strong></span> <span class='ocrx_word' id='word_1_53' title='bbox 477 1265 531 1334; x_wconf 86' lang='lat' dir='ltr'><strong>oni</strong></span> <span class='ocrx_word' id='word_1_54' title='bbox 546 1264 667 1334; x_wconf 84' lang='lat' dir='ltr'><strong>fortior</strong></span> <span class='ocrx_word' id='word_1_55' title='bbox 683 1266 752 1354; x_wconf 89' lang='lat' dir='ltr'><strong>ira,</strong></span> <span class='ocrx_word' id='word_1_56' title='bbox 767 1265 926 1361; x_wconf 84' lang='lat' dir='ltr'><strong>nefasque</strong></span> 
     </span>
    </p>

    <p class='ocr_par' dir='ltr' id='par_1_9' title="bbox 44 1385 947 1483">
     <span class='ocr_line' id='line_1_9' title="bbox 44 1385 947 1483; baseline 0.001 -26"><span class='ocrx_word' id='word_1_57' title='bbox 44 1392 62 1456; x_wconf 85' lang='lat' dir='ltr'>J</span> <span class='ocrx_word' id='word_1_58' title='bbox 66 1389 202 1475; x_wconf 88' lang='lat' dir='ltr'><strong>ustius,</strong></span> <span class='ocrx_word' id='word_1_59' title='bbox 219 1385 285 1457; x_wconf 84' lang='lat' dir='ltr'><strong>alte</strong></span> <span class='ocrx_word' id='word_1_60' title='bbox 301 1411 413 1457; x_wconf 80' lang='lat' dir='ltr'>ensem</span> <span class='ocrx_word' id='word_1_61' title='bbox 430 1387 582 1481; x_wconf 86' lang='lat' dir='ltr'><strong>germani</strong></span> <span class='ocrx_word' id='word_1_62' title='bbox 597 1388 632 1457; x_wconf 90' lang='lat' dir='ltr'><strong>in</strong></span> <span class='ocrx_word' id='word_1_63' title='bbox 649 1410 789 1483; x_wconf 87' lang='lat' dir='ltr'><strong>corpore</strong></span> <span class='ocrx_word' id='word_1_64' title='bbox 809 1387 947 1483; x_wconf 86' lang='lat' dir='ltr'><strong>pressit,</strong></span> 
     </span>
    </p>

    <p class='ocr_par' dir='ltr' id='par_1_10' title="bbox 45 1505 962 1611">
     <span class='ocr_line' id='line_1_10' title="bbox 45 1505 962 1611; baseline 0.001 -33"><span class='ocrx_word' id='word_1_65' title='bbox 45 1512 129 1599; x_wconf 88' lang='lat' dir='ltr'><strong>Qua</strong></span> <span class='ocrx_word' id='word_1_66' title='bbox 146 1505 239 1579; x_wconf 89' lang='lat' dir='ltr'><strong>male</strong></span> <span class='ocrx_word' id='word_1_67' title='bbox 251 1510 322 1605; x_wconf 89' lang='lat' dir='ltr'><strong>jam</strong></span> <span class='ocrx_word' id='word_1_68' title='bbox 341 1507 463 1603; x_wconf 79' lang='lat' dir='ltr'><strong>plumis</strong></span> <span class='ocrx_word' id='word_1_69' title='bbox 479 1509 566 1611; x_wconf 79' lang='lat' dir='ltr'><strong>imus</strong></span> <span class='ocrx_word' id='word_1_70' title='bbox 581 1509 664 1605; x_wconf 83' lang='lat' dir='ltr'><strong>tegit</strong></span> <span class='ocrx_word' id='word_1_71' title='bbox 679 1508 819 1605; x_wconf 85' lang='lat' dir='ltr'><strong>inguina</strong></span> <span class='ocrx_word' id='word_1_72' title='bbox 832 1508 962 1579; x_wconf 79' lang='lat' dir='ltr'><strong>thorax.</strong></span> 
     </span>
    </p>

    <p class='ocr_par' dir='ltr' id='par_1_11' title="bbox 46 1627 888 1726">
     <span class='ocr_line' id='line_1_11' title="bbox 46 1627 888 1726; baseline 0.004 -28"><span class='ocrx_word' id='word_1_73' title='bbox 46 1628 109 1699; x_wconf 90' lang='lat' dir='ltr'><strong>Ille</strong></span> <span class='ocrx_word' id='word_1_74' title='bbox 132 1627 255 1699; x_wconf 86' lang='lat' dir='ltr'><strong>dolens</strong></span> <span class='ocrx_word' id='word_1_75' title='bbox 275 1630 449 1724; x_wconf 84' lang='lat' dir='ltr'><strong>nondum,</strong></span> <span class='ocrx_word' id='word_1_76' title='bbox 465 1630 523 1701; x_wconf 86' lang='lat' dir='ltr'><strong>sed</strong></span> <span class='ocrx_word' id='word_1_77' title='bbox 542 1629 623 1701; x_wconf 78' lang='lat' dir='ltr'><strong>ferri</strong></span> <span class='ocrx_word' id='word_1_78' title='bbox 637 1630 762 1726; x_wconf 79' lang='lat' dir='ltr'><strong>frigore</strong></span> <span class='ocrx_word' id='word_1_79' title='bbox 777 1632 888 1725; x_wconf 85' lang='lat' dir='ltr'><strong>ptimo</strong></span> 
     </span>
    </p>

    <p class='ocr_par' dir='ltr' id='par_1_12' title="bbox 46 1750 890 1848">
     <span class='ocr_line' id='line_1_12' title="bbox 46 1750 890 1848; baseline 0.002 -29"><span class='ocrx_word' id='word_1_80' title='bbox 46 1752 228 1840; x_wconf 87' lang='lat' dir='ltr'><strong>Territus,</strong></span> <span class='ocrx_word' id='word_1_81' title='bbox 245 1752 279 1820; x_wconf 92' lang='lat' dir='ltr'><strong>in</strong></span> <span class='ocrx_word' id='word_1_82' title='bbox 297 1750 443 1848; x_wconf 86' lang='lat' dir='ltr'><strong>clipeum</strong></span> <span class='ocrx_word' id='word_1_83' title='bbox 461 1751 613 1822; x_wconf 88' lang='lat' dir='ltr'><strong>turbatos</strong></span> <span class='ocrx_word' id='word_1_84' title='bbox 631 1751 759 1847; x_wconf 89' lang='lat' dir='ltr'><strong>oolligit</strong></span> <span class='ocrx_word' id='word_1_85' title='bbox 779 1766 890 1842; x_wconf 85' lang='lat' dir='ltr'><strong>artus,</strong></span> 
     </span>
    </p>

    <p class='ocr_par' dir='ltr' id='par_1_13' title="bbox 48 1871 884 1971">
     <span class='ocr_line' id='line_1_13' title="bbox 48 1871 884 1971; baseline 0.005 -30"><span class='ocrx_word' id='word_1_86' title='bbox 48 1876 132 1943; x_wconf 84' lang='lat' dir='ltr'><strong>Mox</strong></span> <span class='ocrx_word' id='word_1_87' title='bbox 154 1871 329 1945; x_wconf 80' lang='lat' dir='ltr'><strong>intellecto</strong></span> <span class='ocrx_word' id='word_1_88' title='bbox 346 1874 452 1970; x_wconf 87' lang='lat' dir='ltr'><strong>magis</strong></span> <span class='ocrx_word' id='word_1_89' title='bbox 469 1898 508 1943; x_wconf 84' lang='lat' dir='ltr'><strong>ao</strong></span> <span class='ocrx_word' id='word_1_90' title='bbox 524 1874 630 1971; x_wconf 86' lang='lat' dir='ltr'><strong>magis</strong></span> <span class='ocrx_word' id='word_1_91' title='bbox 647 1898 735 1970; x_wconf 82' lang='lat' dir='ltr'><strong>aeger</strong></span> <span class='ocrx_word' id='word_1_92' title='bbox 749 1874 884 1945; x_wconf 75' lang='lat' dir='ltr'><strong>anhelat</strong></span> 
     </span>
    </p>

    <p class='ocr_par' dir='ltr' id='par_1_14' title="bbox 51 1996 1015 2093">
     <span class='ocr_line' id='line_1_14' title="bbox 51 1996 1015 2093; baseline 0.002 -28"><span class='ocrx_word' id='word_1_93' title='bbox 51 1996 227 2086; x_wconf 84' lang='lat' dir='ltr'><strong>Vulnere,</strong></span> <span class='ocrx_word' id='word_1_94' title='bbox 244 2022 306 2069; x_wconf 86' lang='lat' dir='ltr'><strong>neo</strong></span> <span class='ocrx_word' id='word_1_95' title='bbox 326 1998 434 2092; x_wconf 88' lang='lat' dir='ltr'><strong>parcit</strong></span> <span class='ocrx_word' id='word_1_96' title='bbox 449 1996 599 2087; x_wconf 84' lang='lat' dir='ltr'><strong>cedenti,</strong></span> <span class='ocrx_word' id='word_1_97' title='bbox 615 2010 717 2092; x_wconf 81' lang='lat' dir='ltr'><strong>atque</strong></span> <span class='ocrx_word' id='word_1_98' title='bbox 733 2000 885 2093; x_wconf 85' lang='lat' dir='ltr'><strong>inorepat</strong></span> <span class='ocrx_word' id='word_1_99' title='bbox 900 1998 989 2069; x_wconf 85' lang='lat' dir='ltr'><strong>hosti</strong></span> <span class='ocrx_word' id='word_1_100' title='bbox 1007 2025 1015 2067; x_wconf 94' lang='lat'>:</span> 
     </span>
    </p>

    <p class='ocr_par' dir='ltr' id='par_1_15' title="bbox 52 2118 1075 2217">
     <span class='ocr_line' id='line_1_15' title="bbox 52 2118 1075 2217; baseline 0.002 -28"><span class='ocrx_word' id='word_1_101' title='bbox 52 2148 67 2182; x_wconf 75' lang='lat' dir='ltr'><strong>a</strong></span> <span class='ocrx_word' id='word_1_102' title='bbox 78 2121 159 2209; x_wconf 91' lang='lat' dir='ltr'><strong>Quo</strong></span> <span class='ocrx_word' id='word_1_103' title='bbox 179 2119 344 2208; x_wconf 85' lang='lat' dir='ltr'><strong>retrahis,</strong></span> <span class='ocrx_word' id='word_1_104' title='bbox 363 2143 540 2215; x_wconf 82' lang='lat' dir='ltr'><strong>germane,</strong></span> <span class='ocrx_word' id='word_1_105' title='bbox 556 2118 700 2217; x_wconf 80' lang='lat' dir='ltr'><strong>gradus?</strong></span> <span class='ocrx_word' id='word_1_106' title='bbox 718 2144 741 2189; x_wconf 92' lang='lat' dir='ltr'><strong>o</strong></span> <span class='ocrx_word' id='word_1_107' title='bbox 759 2119 919 2216; x_wconf 85' lang='lat' dir='ltr'><strong>languida</strong></span> <span class='ocrx_word' id='word_1_108' title='bbox 937 2142 1075 2210; x_wconf 90' lang='lat' dir='ltr'><strong>somno,</strong></span> 
     </span>
    </p>

    <p class='ocr_par' dir='ltr' id='par_1_16' title="bbox 52 2238 890 2338">
     <span class='ocr_line' id='line_1_16' title="bbox 52 2238 890 2338; baseline 0.001 -27"><span class='ocrx_word' id='word_1_109' title='bbox 52 2246 94 2312; x_wconf 90' lang='lat' dir='ltr'><strong>Et</strong></span> <span class='ocrx_word' id='word_1_110' title='bbox 110 2243 228 2338; x_wconf 90' lang='lat' dir='ltr'><strong>regnis</strong></span> <span class='ocrx_word' id='word_1_111' title='bbox 246 2240 357 2311; x_wconf 74' lang='lat' dir='ltr'><strong>effoeta</strong></span> <span class='ocrx_word' id='word_1_112' title='bbox 374 2238 487 2336; x_wconf 87' lang='lat' dir='ltr'><strong>quiesl</strong></span> <span class='ocrx_word' id='word_1_113' title='bbox 504 2239 670 2337; x_wconf 84' lang='lat' dir='ltr'><strong>longaque</strong></span> <span class='ocrx_word' id='word_1_114' title='bbox 686 2241 750 2311; x_wconf 90' lang='lat' dir='ltr'><strong>sub</strong></span> <span class='ocrx_word' id='word_1_115' title='bbox 769 2242 890 2312; x_wconf 87' lang='lat' dir='ltr'><strong>umbra</strong></span> 
     </span>
    </p>

    <p class='ocr_par' dir='ltr' id='par_1_17' title="bbox 54 2361 842 2459">
     <span class='ocr_line' id='line_1_17' title="bbox 54 2361 842 2459; baseline 0 -26"><span class='ocrx_word' id='word_1_116' title='bbox 54 2362 219 2459; x_wconf 88' lang='lat' dir='ltr'><strong>Imperia!</strong></span> <span class='ocrx_word' id='word_1_117' title='bbox 240 2361 357 2435; x_wconf 84' lang='lat' dir='ltr'><strong>ex&#39;silio</strong></span> <span class='ocrx_word' id='word_1_118' title='bbox 378 2363 545 2458; x_wconf 81' lang='lat' dir='ltr'><strong>rebusque</strong></span> <span class='ocrx_word' id='word_1_119' title='bbox 564 2364 708 2433; x_wconf 83' lang='lat' dir='ltr'><strong>exercita</strong></span> <span class='ocrx_word' id='word_1_120' title='bbox 728 2366 842 2459; x_wconf 78' lang='lat' dir='ltr'><strong>egenis</strong></span> 
     </span>
    </p>

    <p class='ocr_par' dir='ltr' id='par_1_18' title="bbox 55 2484 1011 2706">
     <span class='ocr_line' id='line_1_18' title="bbox 55 2484 1011 2582; baseline -0.005 -27"><span class='ocrx_word' id='word_1_121' title='bbox 55 2489 210 2558; x_wconf 86' lang='lat' dir='ltr'><strong>Membra</strong></span> <span class='ocrx_word' id='word_1_122' title='bbox 229 2486 322 2559; x_wconf 83' lang='lat' dir='ltr'><strong>vides</strong></span> <span class='ocrx_word' id='word_1_123' title='bbox 339 2511 347 2556; x_wconf 74' lang='grc' dir='ltr'><strong>ε</strong></span> <span class='ocrx_word' id='word_1_124' title='bbox 365 2485 455 2556; x_wconf 86' lang='lat' dir='ltr'><strong>disce</strong></span> <span class='ocrx_word' id='word_1_125' title='bbox 472 2510 567 2556; x_wconf 88' lang='lat' dir='ltr'><strong>arma</strong></span> <span class='ocrx_word' id='word_1_126' title='bbox 585 2488 673 2582; x_wconf 87' lang='lat' dir='ltr'><strong>pati,</strong></span> <span class='ocrx_word' id='word_1_127' title='bbox 688 2509 751 2556; x_wconf 84' lang='lat' dir='ltr'><strong>nec</strong></span> <span class='ocrx_word' id='word_1_128' title='bbox 767 2485 873 2557; x_wconf 79' lang='lat' dir='ltr'><strong>fidere</strong></span> <span class='ocrx_word' id='word_1_129' title='bbox 888 2484 981 2556; x_wconf 78' lang='lat' dir='ltr'><strong>lastis.</strong></span> <span class='ocrx_word' id='word_1_130' title='bbox 993 2515 1011 2550; x_wconf 72' lang='lat' dir='ltr'><strong>a</strong></span> 
     </span>
     <span class='ocr_line' id='line_1_19' title="bbox 99 2606 913 2706; baseline 0 -27"><span class='ocrx_word' id='word_1_131' title='bbox 99 2611 157 2680; x_wconf 88' lang='lat' dir='ltr'><strong>Sic</strong></span> <span class='ocrx_word' id='word_1_132' title='bbox 175 2624 330 2706; x_wconf 88' lang='lat' dir='ltr'><strong>pugnant</strong></span> <span class='ocrx_word' id='word_1_133' title='bbox 348 2609 460 2678; x_wconf 86' lang='lat' dir='ltr'><strong>miseri</strong></span> <span class='ocrx_word' id='word_1_134' title='bbox 478 2635 487 2678; x_wconf 76' lang='lat' dir='ltr'><strong>a</strong></span> <span class='ocrx_word' id='word_1_135' title='bbox 505 2609 651 2678; x_wconf 81' lang='lat' dir='ltr'><strong>restabat</strong></span> <span class='ocrx_word' id='word_1_136' title='bbox 666 2606 753 2678; x_wconf 87' lang='lat' dir='ltr'><strong>lassa</strong></span> <span class='ocrx_word' id='word_1_137' title='bbox 768 2609 913 2679; x_wconf 81' lang='lat' dir='ltr'><strong>nefando</strong></span> 
     </span>
    </p>

    <p class='ocr_par' dir='ltr' id='par_1_19' title="bbox 56 2731 1053 2827">
     <span class='ocr_line' id='line_1_20' title="bbox 56 2731 1053 2827; baseline 0.004 -31"><span class='ocrx_word' id='word_1_138' title='bbox 56 2731 135 2800; x_wconf 86' lang='lat' dir='ltr'><strong>Vita</strong></span> <span class='ocrx_word' id='word_1_139' title='bbox 154 2731 254 2821; x_wconf 89' lang='lat' dir='ltr'><strong>duci,</strong></span> <span class='ocrx_word' id='word_1_140' title='bbox 270 2755 485 2826; x_wconf 88' lang='lat' dir='ltr'><strong>summusque</strong></span> <span class='ocrx_word' id='word_1_141' title='bbox 501 2755 614 2821; x_wconf 88' lang='lat' dir='ltr'><strong>cruor,</strong></span> <span class='ocrx_word' id='word_1_142' title='bbox 633 2745 853 2827; x_wconf 81' lang='lat' dir='ltr'><strong>poterantque</strong></span> <span class='ocrx_word' id='word_1_143' title='bbox 871 2752 1053 2827; x_wconf 86' lang='lat' dir='ltr'><strong>parumper</strong></span> 
     </span>
    </p>

    <p class='ocr_par' dir='ltr' id='par_1_20' title="bbox 58 2853 1059 2952">
     <span class='ocr_line' id='line_1_21' title="bbox 58 2853 1059 2952; baseline 0.003 -32"><span class='ocrx_word' id='word_1_144' title='bbox 58 2853 150 2922; x_wconf 85' lang='lat' dir='ltr'><strong>Stare</strong></span> <span class='ocrx_word' id='word_1_145' title='bbox 167 2853 294 2952; x_wconf 86' lang='lat' dir='ltr'><strong>gradus</strong></span> <span class='ocrx_word' id='word_1_146' title='bbox 310 2881 318 2923; x_wconf 91' lang='lat'><strong>:</strong></span> <span class='ocrx_word' id='word_1_147' title='bbox 333 2853 392 2923; x_wconf 81' lang='lat' dir='ltr'><strong>sed</strong></span> <span class='ocrx_word' id='word_1_148' title='bbox 406 2855 525 2950; x_wconf 84' lang='lat' dir='ltr'><strong>sponte</strong></span> <span class='ocrx_word' id='word_1_149' title='bbox 539 2855 622 2942; x_wconf 86' lang='lat' dir='ltr'><strong>ruit,</strong></span> <span class='ocrx_word' id='word_1_150' title='bbox 635 2853 856 2948; x_wconf 83' lang='lat' dir='ltr'><strong>fraudemque</strong></span> <span class='ocrx_word' id='word_1_151' title='bbox 868 2874 1059 2949; x_wconf 84' lang='lat' dir='ltr'><strong>supremam</strong></span> 
     </span>
    </p>

    <p class='ocr_par' dir='ltr' id='par_1_21' title="bbox 59 2974 915 3072">
     <span class='ocr_line' id='line_1_22' title="bbox 59 2974 915 3072; baseline 0.004 -30"><span class='ocrx_word' id='word_1_152' title='bbox 59 2977 96 3044; x_wconf 91' lang='lat' dir='ltr'><strong>ln</strong></span> <span class='ocrx_word' id='word_1_153' title='bbox 113 2976 226 3048; x_wconf 86' lang='lat' dir='ltr'><strong>media</strong></span> <span class='ocrx_word' id='word_1_154' title='bbox 238 2977 309 3072; x_wconf 84' lang='lat' dir='ltr'><strong>jam</strong></span> <span class='ocrx_word' id='word_1_155' title='bbox 324 2991 432 3046; x_wconf 82' lang='lat' dir='ltr'><strong>morte</strong></span> <span class='ocrx_word' id='word_1_156' title='bbox 446 2991 564 3071; x_wconf 87' lang='lat' dir='ltr'><strong>parat:</strong></span> <span class='ocrx_word' id='word_1_157' title='bbox 580 2974 727 3048; x_wconf 89' lang='lat' dir='ltr'><strong>clamore</strong></span> <span class='ocrx_word' id='word_1_158' title='bbox 743 2976 915 3047; x_wconf 83' lang='lat' dir='ltr'><strong>Cithaeron</strong></span> 
     </span>
    </p>

    <p class='ocr_par' dir='ltr' id='par_1_22' title="bbox 59 3097 902 3194">
     <span class='ocr_line' id='line_1_23' title="bbox 59 3097 902 3194; baseline 0.004 -28"><span class='ocrx_word' id='word_1_159' title='bbox 59 3099 218 3194; x_wconf 82' lang='lat' dir='ltr'><strong>Erigitur,</strong></span> <span class='ocrx_word' id='word_1_160' title='bbox 236 3100 405 3194; x_wconf 83' lang='lat' dir='ltr'><strong>fraterque</strong></span> <span class='ocrx_word' id='word_1_161' title='bbox 422 3114 515 3192; x_wconf 82' lang='lat' dir='ltr'><strong>ratus</strong></span> <span class='ocrx_word' id='word_1_162' title='bbox 532 3100 669 3188; x_wconf 84' lang='lat' dir='ltr'><strong>vicisse,</strong></span> <span class='ocrx_word' id='word_1_163' title='bbox 686 3097 825 3180; x_wconf 79' lang='lat' dir='ltr'><strong>lavavit</strong></span> <span class='ocrx_word' id='word_1_164' title='bbox 898 3142 902 3150; x_wconf 88' lang='lat'><strong>·</strong></span> 
     </span>
    </p>

    <p class='ocr_par' dir='ltr' id='par_1_23' title="bbox 61 3219 1002 3319">
     <span class='ocr_line' id='line_1_24' title="bbox 61 3219 1002 3319; baseline 0.004 -31"><span class='ocrx_word' id='word_1_165' title='bbox 61 3219 113 3288; x_wconf 82' lang='lat' dir='ltr'><strong>Ad</strong></span> <span class='ocrx_word' id='word_1_166' title='bbox 131 3222 255 3293; x_wconf 85' lang='lat' dir='ltr'><strong>coelum</strong></span> <span class='ocrx_word' id='word_1_167' title='bbox 269 3220 407 3319; x_wconf 85' lang='lat' dir='ltr'><strong>palmas.</strong></span> <span class='ocrx_word' id='word_1_168' title='bbox 428 3249 446 3286; x_wconf 79' lang='grc' dir='ltr'><strong>α</strong></span> <span class='ocrx_word' id='word_1_169' title='bbox 456 3219 547 3292; x_wconf 85' lang='lat' dir='ltr'><strong>Bene</strong></span> <span class='ocrx_word' id='word_1_170' title='bbox 564 3219 689 3291; x_wconf 78' lang='lat' dir='ltr'><strong>habet:</strong></span> <span class='ocrx_word' id='word_1_171' title='bbox 706 3244 775 3292; x_wconf 88' lang='lat' dir='ltr'><strong>non</strong></span> <span class='ocrx_word' id='word_1_172' title='bbox 795 3222 891 3292; x_wconf 82' lang='lat' dir='ltr'><strong>irrita</strong></span> <span class='ocrx_word' id='word_1_173' title='bbox 908 3224 1002 3307; x_wconf 77' lang='lat' dir='ltr'><strong>vovi,</strong></span> 
     </span>
    </p>

    <p class='ocr_par' dir='ltr' id='par_1_24' title="bbox 62 3340 1014 3440">
     <span class='ocr_line' id='line_1_25' title="bbox 62 3340 1014 3440; baseline 0.005 -31"><span class='ocrx_word' id='word_1_174' title='bbox 62 3343 170 3414; x_wconf 88' lang='lat' dir='ltr'><strong>Cerno</strong></span> <span class='ocrx_word' id='word_1_175' title='bbox 191 3368 309 3440; x_wconf 85' lang='lat' dir='ltr'><strong>graves</strong></span> <span class='ocrx_word' id='word_1_176' title='bbox 326 3340 462 3433; x_wconf 87' lang='lat' dir='ltr'><strong>oculos,</strong></span> <span class='ocrx_word' id='word_1_177' title='bbox 481 3357 582 3437; x_wconf 83' lang='lat' dir='ltr'><strong>atque</strong></span> <span class='ocrx_word' id='word_1_178' title='bbox 598 3364 657 3412; x_wconf 89' lang='lat' dir='ltr'><strong>ora</strong></span> <span class='ocrx_word' id='word_1_179' title='bbox 675 3343 825 3413; x_wconf 84' lang='lat' dir='ltr'><strong>natantia</strong></span> <span class='ocrx_word' id='word_1_180' title='bbox 846 3341 922 3414; x_wconf 89' lang='lat' dir='ltr'><strong>leto.</strong></span> <span class='ocrx_word' id='word_1_181' title='bbox 1011 3386 1014 3394; x_wconf 88' lang='lat'><em>.</em></span> 
     </span>
    </p>
   </div>
   <div class='ocr_carea' id='block_1_3' title="bbox 62 3449 1076 4175">
    <p class='ocr_par' dir='ltr' id='par_1_25' title="bbox 62 3449 1076 3807">
     <span class='ocr_line' id='line_1_26' title="bbox 62 3449 1076 3562; baseline 0.007 -33"><span class='ocrx_word' id='word_1_182' title='bbox 62 3463 133 3533; x_wconf 82' lang='lat' dir='ltr'><strong>llus</strong></span> <span class='ocrx_word' id='word_1_183' title='bbox 145 3465 267 3562; x_wconf 89' lang='lat' dir='ltr'><strong>aliquis</strong></span> <span class='ocrx_word' id='word_1_184' title='bbox 281 3476 425 3561; x_wconf 75' lang='lat' dir='ltr'><strong>propere</strong></span> <span class='ocrx_word' id='word_1_185' title='bbox 437 3477 607 3561; x_wconf 80' lang='lat' dir='ltr'><strong>sceptrum</strong></span> <span class='ocrx_word' id='word_1_186' title='bbox 622 3479 722 3559; x_wconf 83' lang='lat' dir='ltr'><strong>atque</strong></span> <span class='ocrx_word' id='word_1_187' title='bbox 738 3449 869 3562; x_wconf 78' lang='lat' dir='ltr'><strong>insigne</strong></span> <span class='ocrx_word' id='word_1_188' title='bbox 885 3490 1076 3555; x_wconf 86' lang='lat' dir='ltr'><strong>comarum,</strong></span> 
     </span>
     <span class='ocr_line' id='line_1_27' title="bbox 64 3585 1031 3682; baseline 0.007 -31"><span class='ocrx_word' id='word_1_189' title='bbox 64 3585 149 3654; x_wconf 89' lang='lat' dir='ltr'><strong>Dum</strong></span> <span class='ocrx_word' id='word_1_190' title='bbox 167 3588 301 3658; x_wconf 71' lang='lat' dir='ltr'><strong>videti»</strong></span> <span class='ocrx_word' id='word_1_191' title='bbox 316 3591 395 3660; x_wconf 74' lang='lat' dir='ltr'><strong>lieo</strong></span> <span class='ocrx_word' id='word_1_192' title='bbox 410 3587 524 3658; x_wconf 84' lang='lat' dir='ltr'><strong>dicens</strong></span> <span class='ocrx_word' id='word_1_193' title='bbox 541 3607 675 3682; x_wconf 81' lang='lat' dir='ltr'><strong>gressus</strong></span> <span class='ocrx_word' id='word_1_194' title='bbox 688 3585 855 3674; x_wconf 72' lang='lat' dir='ltr'><strong>admovit,</strong></span> <span class='ocrx_word' id='word_1_195' title='bbox 870 3603 904 3657; x_wconf 91' lang='lat' dir='ltr'><strong>et</strong></span> <span class='ocrx_word' id='word_1_196' title='bbox 922 3609 1031 3674; x_wconf 88' lang='lat' dir='ltr'><strong>arma,</strong></span> 
     </span>
     <span class='ocr_line' id='line_1_28' title="bbox 66 3707 884 3807; baseline 0.004 -34"><span class='ocrx_word' id='word_1_197' title='bbox 66 3707 132 3776; x_wconf 85' lang='lat' dir='ltr'><strong>Ceu</strong></span> <span class='ocrx_word' id='word_1_198' title='bbox 147 3708 282 3807; x_wconf 88' lang='lat' dir='ltr'><strong>templis</strong></span> <span class='ocrx_word' id='word_1_199' title='bbox 300 3710 400 3782; x_wconf 86' lang='lat' dir='ltr'><strong>decus</strong></span> <span class='ocrx_word' id='word_1_200' title='bbox 416 3724 449 3780; x_wconf 90' lang='lat' dir='ltr'><strong>et</strong></span> <span class='ocrx_word' id='word_1_201' title='bbox 466 3709 582 3806; x_wconf 77' lang='lat' dir='ltr'><strong>patria</strong></span> <span class='ocrx_word' id='word_1_202' title='bbox 599 3707 730 3779; x_wconf 87' lang='lat' dir='ltr'><strong>laturus</strong></span> <span class='ocrx_word' id='word_1_203' title='bbox 747 3709 884 3790; x_wconf 83' lang='lat' dir='ltr'><strong>ovanti,</strong></span> 
     </span>
    </p>

    <p class='ocr_par' dir='ltr' id='par_1_26' title="bbox 67 3827 982 4045">
     <span class='ocr_line' id='line_1_29' title="bbox 67 3827 982 3928; baseline 0.002 -30"><span class='ocrx_word' id='word_1_204' title='bbox 67 3827 163 3900; x_wconf 80' lang='lat' dir='ltr'><strong>Arma</strong></span> <span class='ocrx_word' id='word_1_205' title='bbox 181 3835 281 3904; x_wconf 89' lang='lat' dir='ltr'><strong>etiam</strong></span> <span class='ocrx_word' id='word_1_206' title='bbox 299 3831 444 3928; x_wconf 86' lang='lat' dir='ltr'><strong>spoliare</strong></span> <span class='ocrx_word' id='word_1_207' title='bbox 463 3833 579 3927; x_wconf 88' lang='lat' dir='ltr'><strong>cupit:</strong></span> <span class='ocrx_word' id='word_1_208' title='bbox 595 3828 748 3900; x_wconf 84' lang='lat' dir='ltr'><strong>nondum</strong></span> <span class='ocrx_word' id='word_1_209' title='bbox 764 3828 822 3898; x_wconf 87' lang='lat' dir='ltr'><strong>ills</strong></span> <span class='ocrx_word' id='word_1_210' title='bbox 839 3832 982 3925; x_wconf 83' lang='lat' dir='ltr'><strong>peractis</strong></span> 
     </span>
     <span class='ocr_line' id='line_1_30' title="bbox 68 3947 884 4045; baseline 0.01 -31"><span class='ocrx_word' id='word_1_211' title='bbox 68 3947 239 4045; x_wconf 86' lang='lat' dir='ltr'><strong>Manibus,</strong></span> <span class='ocrx_word' id='word_1_212' title='bbox 257 3953 393 4026; x_wconf 87' lang='lat' dir='ltr'><strong>ultrices</strong></span> <span class='ocrx_word' id='word_1_213' title='bbox 411 3955 559 4024; x_wconf 83' lang='lat' dir='ltr'><strong>animam</strong></span> <span class='ocrx_word' id='word_1_214' title='bbox 580 3952 734 4023; x_wconf 82' lang='lat' dir='ltr'><strong>servabat</strong></span> <span class='ocrx_word' id='word_1_215' title='bbox 752 3953 788 4022; x_wconf 90' lang='lat' dir='ltr'><strong>in</strong></span> <span class='ocrx_word' id='word_1_216' title='bbox 806 3954 884 4024; x_wconf 83' lang='lat' dir='ltr'><strong>iras.</strong></span> 
     </span>
    </p>

    <p class='ocr_par' dir='ltr' id='par_1_27' title="bbox 68 4069 1031 4175">
     <span class='ocr_line' id='line_1_31' title="bbox 68 4069 1031 4175; baseline -0.002 -29"><span class='ocrx_word' id='word_1_217' title='bbox 68 4069 175 4166; x_wconf 81' lang='lat' dir='ltr'><strong>thue</strong></span> <span class='ocrx_word' id='word_1_218' title='bbox 194 4091 455 4175; x_wconf 82' lang='lat' dir='ltr'><strong>superstantem,</strong></span> <span class='ocrx_word' id='word_1_219' title='bbox 474 4100 685 4172; x_wconf 78' lang='lat' dir='ltr'><strong>pronumque</strong></span> <span class='ocrx_word' id='word_1_220' title='bbox 705 4077 740 4146; x_wconf 92' lang='lat' dir='ltr'><strong>in</strong></span> <span class='ocrx_word' id='word_1_221' title='bbox 761 4090 895 4172; x_wconf 89' lang='lat' dir='ltr'><strong>pectore</strong></span> <span class='ocrx_word' id='word_1_222' title='bbox 913 4075 1031 4166; x_wconf 87' lang='lat' dir='ltr'><strong>sensit,</strong></span> 
     </span>
    </p>
   </div>
   <div class='ocr_carea' id='block_1_4' title="bbox 0 0 1510 4950">
    <p class='ocr_par' dir='ltr' id='par_1_28' title="bbox 0 0 1510 4950">
     <span class='ocr_line' id='line_1_32' title="bbox 0 0 1510 4950; baseline 0 0"><span class='ocrx_word' id='word_1_223' title='bbox 0 0 1510 4950; x_wconf 95' lang='lat' dir='ltr'><strong> </strong></span> 
     </span>
    </p>
   </div>
  </div>
 </body>
</html>
