<?xml version="1.0" encoding="UTF-8"?>
<!DOCTYPE html PUBLIC "-//W3C//DTD XHTML 1.0 Transitional//EN"
    "http://www.w3.org/TR/xhtml1/DTD/xhtml1-transitional.dtd">
<html xmlns="http://www.w3.org/1999/xhtml" xml:lang="en" lang="en">
 <head>
  <title>
</title>
<meta http-equiv="Content-Type" content="text/html;charset=utf-8" />
  <meta name='ocr-system' content='tesseract 3.04.00' />
  <meta name='ocr-capabilities' content='ocr_page ocr_carea ocr_par ocr_line ocrx_word'/>
</head>
<body>
  <div class='ocr_page' id='page_1' title='image "./operaquaeextant01dbgoog_0301.png"; bbox 0 0 2934 4950; ppageno 0'>
   <div class='ocr_carea' id='block_1_1' title="bbox 377 443 1053 518">
    <p class='ocr_par' dir='ltr' id='par_1_1' title="bbox 377 443 1053 518">
     <span class='ocr_line' id='line_1_1' title="bbox 377 443 1053 518; baseline -0.016 -9"><span class='ocrx_word' id='word_1_1' title='bbox 377 453 434 518; x_wconf 72' lang='lat'><strong>284</strong></span> <span class='ocrx_word' id='word_1_2' title='bbox 748 443 1053 502; x_wconf 78' lang='lat' dir='ltr'><strong>ADNOTATION&#39;ES.</strong></span> 
     </span>
    </p>
   </div>
   <div class='ocr_carea' id='block_1_2' title="bbox 374 557 1409 734">
    <p class='ocr_par' dir='ltr' id='par_1_2' title="bbox 374 557 1409 734">
     <span class='ocr_line' id='line_1_2' title="bbox 374 557 1409 640; baseline -0.001 -18"><span class='ocrx_word' id='word_1_3' title='bbox 374 567 447 634; x_wconf 83' lang='lat' dir='ltr'><strong>tins;</strong></span> <span class='ocrx_word' id='word_1_4' title='bbox 462 561 545 620; x_wconf 80' lang='lat' dir='ltr'><strong>tertia</strong></span> <span class='ocrx_word' id='word_1_5' title='bbox 562 572 630 636; x_wconf 90' lang='lat' dir='ltr'><strong>post</strong></span> <span class='ocrx_word' id='word_1_6' title='bbox 648 570 767 634; x_wconf 78' lang='lat' dir='ltr'><strong>peraeta</strong></span> <span class='ocrx_word' id='word_1_7' title='bbox 784 559 887 616; x_wconf 87' lang='lat' dir='ltr'><strong>tumuli</strong></span> <span class='ocrx_word' id='word_1_8' title='bbox 906 557 1059 630; x_wconf 84' lang='lat' dir='ltr'><strong>solemnia,</strong></span> <span class='ocrx_word' id='word_1_9' title='bbox 1080 557 1116 615; x_wconf 80' lang='lat' dir='ltr'><strong>ile</strong></span> <span class='ocrx_word' id='word_1_10' title='bbox 1138 563 1203 636; x_wconf 77' lang='lat' dir='ltr'><strong>qun&#39;</strong></span> <span class='ocrx_word' id='word_1_11' title='bbox 1218 559 1409 640; x_wconf 80' lang='lat' dir='ltr'><strong>intelligendus</strong></span> 
     </span>
     <span class='ocr_line' id='line_1_3' title="bbox 378 647 1159 734; baseline -0.009 -19"><span class='ocrx_word' id='word_1_12' title='bbox 378 659 495 734; x_wconf 82' lang='lat' dir='ltr'><strong>Virgil,</strong></span> <span class='ocrx_word' id='word_1_13' title='bbox 510 656 637 724; x_wconf 66' lang='lat' dir='ltr'><strong>AEneid„</strong></span> <span class='ocrx_word' id='word_1_14' title='bbox 655 673 712 725; x_wconf 94' lang='grc' dir='ltr'><strong>ιιι,</strong></span> <span class='ocrx_word' id='word_1_15' title='bbox 726 651 766 710; x_wconf 76' lang='grc'><strong>68</strong></span> <span class='ocrx_word' id='word_1_16' title='bbox 781 673 788 708; x_wconf 78' lang='grc' dir='ltr'><strong>ι</strong></span> <span class='ocrx_word' id='word_1_17' title='bbox 1157 647 1159 654; x_wconf 76' lang='grc'><strong>’</strong></span> 
     </span>
    </p>
   </div>
   <div class='ocr_carea' id='block_1_3' title="bbox 483 806 1104 877">
    <p class='ocr_par' dir='ltr' id='par_1_3' title="bbox 483 806 1104 877">
     <span class='ocr_line' id='line_1_4' title="bbox 483 806 1104 877; baseline -0.013 -15"><span class='ocrx_word' id='word_1_18' title='bbox 483 848 577 863; x_wconf 94' lang='grc'><strong>.....</strong></span> <span class='ocrx_word' id='word_1_19' title='bbox 590 813 827 877; x_wconf 78' lang='lat' dir='ltr'><strong>Magnampremum</strong></span> <span class='ocrx_word' id='word_1_20' title='bbox 838 806 1011 867; x_wconf 67' lang='lat' dir='ltr'><strong>nesciemus,</strong></span> <span class='ocrx_word' id='word_1_21' title='bbox 1100 812 1104 821; x_wconf 91' lang='grc'><strong>“</strong></span> 
     </span>
    </p>
   </div>
   <div class='ocr_carea' id='block_1_4' title="bbox 329 955 1411 2236">
    <p class='ocr_par' dir='ltr' id='par_1_4' title="bbox 374 955 762 1028">
     <span class='ocr_line' id='line_1_5' title="bbox 374 955 762 1028; baseline -0.018 -12"><span class='ocrx_word' id='word_1_22' title='bbox 374 959 439 1016; x_wconf 88' lang='lat' dir='ltr'><strong>coll.</strong></span> <span class='ocrx_word' id='word_1_23' title='bbox 453 958 539 1013; x_wconf 78' lang='lat' dir='ltr'><strong>Snar.</strong></span> <span class='ocrx_word' id='word_1_24' title='bbox 554 955 592 1012; x_wconf 88' lang='lat' dir='ltr'><strong>ad</strong></span> <span class='ocrx_word' id='word_1_25' title='bbox 606 975 651 1028; x_wconf 82' lang='lat' dir='ltr'><strong>vi,</strong></span> <span class='ocrx_word' id='word_1_26' title='bbox 667 955 733 1012; x_wconf 77' lang='lat'><strong>231.</strong></span> <span class='ocrx_word' id='word_1_27' title='bbox 750 979 762 1004; x_wconf 73' lang='lat' dir='ltr'><strong>i</strong></span> 
     </span>
    </p>

    <p class='ocr_par' dir='ltr' id='par_1_5' title="bbox 329 1040 1411 1400">
     <span class='ocr_line' id='line_1_6' title="bbox 416 1040 1411 1122; baseline -0.001 -17"><span class='ocrx_word' id='word_1_28' title='bbox 416 1051 560 1106; x_wconf 81' lang='lat' dir='ltr'><strong>Siccatam</strong></span> <span class='ocrx_word' id='word_1_29' title='bbox 581 1048 712 1104; x_wconf 83' lang='lat' dir='ltr'><strong>membris</strong></span> <span class='ocrx_word' id='word_1_30' title='bbox 736 1046 773 1122; x_wconf 82' lang='lat' dir='ltr'><strong>(r.</strong></span> <span class='ocrx_word' id='word_1_31' title='bbox 794 1040 873 1122; x_wconf 75' lang='lat'><strong>230).</strong></span> <span class='ocrx_word' id='word_1_32' title='bbox 897 1041 1106 1098; x_wconf 74' lang='lat' dir='ltr'><strong>«Memorabile</strong></span> <span class='ocrx_word' id='word_1_33' title='bbox 1126 1053 1182 1114; x_wconf 87' lang='lat' dir='ltr'><strong>est,</strong></span> <span class='ocrx_word' id='word_1_34' title='bbox 1204 1044 1287 1118; x_wconf 83' lang='lat' dir='ltr'><strong>quod</strong></span> <span class='ocrx_word' id='word_1_35' title='bbox 1310 1045 1347 1103; x_wconf 79' lang='lat' dir='ltr'><strong>ile</strong></span> <span class='ocrx_word' id='word_1_36' title='bbox 1366 1048 1411 1104; x_wconf 79' lang='lat' dir='ltr'><strong>liat</strong></span> 
     </span>
     <span class='ocr_line' id='line_1_7' title="bbox 374 1135 1409 1209; baseline -0.003 -11"><span class='ocrx_word' id='word_1_37' title='bbox 374 1142 500 1199; x_wconf 81' lang='lat' dir='ltr'><strong>Priscilla</strong></span> <span class='ocrx_word' id='word_1_38' title='bbox 513 1150 610 1196; x_wconf 86' lang='lat' dir='ltr'><strong>narrat</strong></span> <span class='ocrx_word' id='word_1_39' title='bbox 621 1141 761 1197; x_wconf 86' lang='lat' dir='ltr'><strong>Morellus</strong></span> <span class='ocrx_word' id='word_1_40' title='bbox 775 1136 853 1193; x_wconf 89' lang='lat' dir='ltr'><strong>adh.</strong></span> <span class='ocrx_word' id='word_1_41' title='bbox 868 1137 885 1191; x_wconf 92' lang='lat' dir='ltr'><strong>l.</strong></span> <span class='ocrx_word' id='word_1_42' title='bbox 906 1155 913 1190; x_wconf 93' lang='lat'><strong>:</strong></span> <span class='ocrx_word' id='word_1_43' title='bbox 927 1152 1031 1209; x_wconf 80' lang='lat' dir='ltr'><strong>nempe</strong></span> <span class='ocrx_word' id='word_1_44' title='bbox 1040 1135 1183 1192; x_wconf 80' lang='lat' dir='ltr'><strong>inventam</strong></span> <span class='ocrx_word' id='word_1_45' title='bbox 1196 1155 1256 1194; x_wconf 86' lang='lat' dir='ltr'><strong>esse</strong></span> <span class='ocrx_word' id='word_1_46' title='bbox 1270 1137 1303 1194; x_wconf 92' lang='lat' dir='ltr'><strong>in</strong></span> <span class='ocrx_word' id='word_1_47' title='bbox 1317 1137 1409 1196; x_wconf 83' lang='lat' dir='ltr'><strong>eodeni</strong></span> 
     </span>
     <span class='ocr_line' id='line_1_8' title="bbox 374 1228 1409 1308; baseline -0.001 -17"><span class='ocrx_word' id='word_1_48' title='bbox 374 1244 561 1291; x_wconf 89' lang='lat' dir='ltr'><strong>monumento</strong></span> <span class='ocrx_word' id='word_1_49' title='bbox 583 1233 636 1288; x_wconf 78' lang='lat' dir='ltr'><strong>riae</strong></span> <span class='ocrx_word' id='word_1_50' title='bbox 653 1232 755 1307; x_wconf 69' lang='lat' dir='ltr'><strong>Appia·</strong></span> <span class='ocrx_word' id='word_1_51' title='bbox 778 1230 922 1286; x_wconf 82' lang='lat' dir='ltr'><strong>conditam</strong></span> <span class='ocrx_word' id='word_1_52' title='bbox 944 1239 973 1284; x_wconf 92' lang='lat' dir='ltr'><strong>et</strong></span> <span class='ocrx_word' id='word_1_53' title='bbox 993 1228 1123 1284; x_wconf 81' lang='lat' dir='ltr'>siccatam</span> <span class='ocrx_word' id='word_1_54' title='bbox 1144 1231 1279 1288; x_wconf 84' lang='lat' dir='ltr'><strong>membris</strong></span> <span class='ocrx_word' id='word_1_55' title='bbox 1301 1232 1409 1308; x_wconf 80' lang='lat' dir='ltr'><strong>integris</strong></span> 
     </span>
     <span class='ocr_line' id='line_1_9' title="bbox 329 1323 1129 1400; baseline -0.011 -14"><span class='ocrx_word' id='word_1_56' title='bbox 329 1375 332 1380; x_wconf 94' lang='lat'><strong>.</strong></span> <span class='ocrx_word' id='word_1_57' title='bbox 374 1347 452 1385; x_wconf 84' lang='lat' dir='ltr'><strong>anno</strong></span> <span class='ocrx_word' id='word_1_58' title='bbox 469 1336 558 1400; x_wconf 68' lang='lat'><strong>1741,</strong></span> <span class='ocrx_word' id='word_1_59' title='bbox 571 1327 626 1384; x_wconf 85' lang='lat' dir='ltr'><strong>suli</strong></span> <span class='ocrx_word' id='word_1_60' title='bbox 638 1327 720 1383; x_wconf 84' lang='lat' dir='ltr'><strong>Sixto</strong></span> <span class='ocrx_word' id='word_1_61' title='bbox 734 1344 766 1381; x_wconf 83' lang='lat' dir='ltr'><strong>iv</strong></span> <span class='ocrx_word' id='word_1_62' title='bbox 778 1323 882 1399; x_wconf 80' lang='lat' dir='ltr'><strong>pontis.</strong></span> <span class='ocrx_word' id='word_1_63' title='bbox 901 1341 997 1378; x_wconf 74' lang='lat' dir='ltr'><strong>romi</strong></span> <span class='ocrx_word' id='word_1_64' title='bbox 1012 1323 1129 1378; x_wconf 67' lang='lat' dir='ltr'><strong>Minu.</strong></span> 
     </span>
    </p>

    <p class='ocr_par' dir='ltr' id='par_1_6' title="bbox 373 1411 1410 1755">
     <span class='ocr_line' id='line_1_10' title="bbox 413 1411 1409 1494; baseline -0.003 -17"><span class='ocrx_word' id='word_1_65' title='bbox 413 1423 486 1477; x_wconf 72' lang='lat' dir='ltr'><strong>Mox</strong></span> <span class='ocrx_word' id='word_1_66' title='bbox 500 1423 530 1477; x_wconf 84' lang='lat' dir='ltr'><strong>iri</strong></span> <span class='ocrx_word' id='word_1_67' title='bbox 543 1423 642 1476; x_wconf 68' lang='lat' dir='ltr'><strong>varino</strong></span> <span class='ocrx_word' id='word_1_68' title='bbox 655 1430 767 1476; x_wconf 81' lang='lat' dir='ltr'><strong>mutata</strong></span> <span class='ocrx_word' id='word_1_69' title='bbox 782 1417 893 1473; x_wconf 80' lang='lat' dir='ltr'><strong>novaris</strong></span> <span class='ocrx_word' id='word_1_70' title='bbox 903 1413 1024 1490; x_wconf 71' lang='lat' dir='ltr'><strong>Effigies</strong></span> <span class='ocrx_word' id='word_1_71' title='bbox 1037 1411 1076 1492; x_wconf 83' lang='lat' dir='ltr'><strong>(r.</strong></span> <span class='ocrx_word' id='word_1_72' title='bbox 1092 1417 1146 1472; x_wconf 77' lang='lat'><strong>231</strong></span> <span class='ocrx_word' id='word_1_73' title='bbox 1164 1415 1249 1494; x_wconf 87' lang='lat' dir='ltr'><strong>sqq.).</strong></span> <span class='ocrx_word' id='word_1_74' title='bbox 1262 1419 1409 1493; x_wconf 80' lang='lat' dir='ltr'><strong>Explican-</strong></span> 
     </span>
     <span class='ocr_line' id='line_1_11' title="bbox 373 1509 1410 1588; baseline -0.003 -17"><span class='ocrx_word' id='word_1_75' title='bbox 373 1527 422 1571; x_wconf 89' lang='lat' dir='ltr'><strong>tur</strong></span> <span class='ocrx_word' id='word_1_76' title='bbox 434 1515 493 1571; x_wconf 76' lang='lat' dir='ltr'><strong>haeo</strong></span> <span class='ocrx_word' id='word_1_77' title='bbox 506 1515 541 1570; x_wconf 87' lang='lat' dir='ltr'><strong>iis</strong></span> <span class='ocrx_word' id='word_1_78' title='bbox 557 1533 621 1588; x_wconf 73' lang='lat' dir='ltr'><strong>qun</strong></span> <span class='ocrx_word' id='word_1_79' title='bbox 642 1511 861 1568; x_wconf 78' lang='lat' dir='ltr'><strong>memoravimus</strong></span> <span class='ocrx_word' id='word_1_80' title='bbox 877 1509 915 1564; x_wconf 83' lang='lat' dir='ltr'><strong>ad</strong></span> <span class='ocrx_word' id='word_1_81' title='bbox 934 1527 978 1578; x_wconf 92' lang='grc' dir='ltr'><strong>ιι,</strong></span> <span class='ocrx_word' id='word_1_82' title='bbox 994 1527 1021 1579; x_wconf 84' lang='lat'><strong>7,</strong></span> <span class='ocrx_word' id='word_1_83' title='bbox 1039 1528 1067 1564; x_wconf 83' lang='lat' dir='ltr'><strong>r.</strong></span> <span class='ocrx_word' id='word_1_84' title='bbox 1091 1527 1156 1564; x_wconf 89' lang='grc' dir='ltr'><strong>ιιι.</strong></span> <span class='ocrx_word' id='word_1_85' title='bbox 1171 1511 1207 1566; x_wconf 91' lang='lat' dir='ltr'><strong>In</strong></span> <span class='ocrx_word' id='word_1_86' title='bbox 1221 1511 1344 1568; x_wconf 82' lang='lat' dir='ltr'><strong>vocibus</strong></span> <span class='ocrx_word' id='word_1_87' title='bbox 1360 1513 1410 1567; x_wconf 87' lang='lat' dir='ltr'><strong>Illo</strong></span> 
     </span>
     <span class='ocr_line' id='line_1_12' title="bbox 374 1595 1410 1679; baseline -0.005 -16"><span class='ocrx_word' id='word_1_88' title='bbox 374 1609 458 1662; x_wconf 81' lang='lat' dir='ltr'><strong>Maia</strong></span> <span class='ocrx_word' id='word_1_89' title='bbox 483 1608 558 1662; x_wconf 83' lang='lat' dir='ltr'><strong>tliolo</strong></span> <span class='ocrx_word' id='word_1_90' title='bbox 579 1603 762 1662; x_wconf 78' lang='lat' dir='ltr'><strong>incommoda</strong></span> <span class='ocrx_word' id='word_1_91' title='bbox 781 1595 847 1658; x_wconf 86' lang='lat' dir='ltr'><strong>sane</strong></span> <span class='ocrx_word' id='word_1_92' title='bbox 868 1602 926 1657; x_wconf 89' lang='lat' dir='ltr'><strong>loei</strong></span> <span class='ocrx_word' id='word_1_93' title='bbox 944 1619 999 1676; x_wconf 89' lang='lat' dir='ltr'><strong>pro</strong></span> <span class='ocrx_word' id='word_1_94' title='bbox 1021 1601 1139 1658; x_wconf 86' lang='lat' dir='ltr'><strong>materia</strong></span> <span class='ocrx_word' id='word_1_95' title='bbox 1168 1603 1276 1659; x_wconf 89' lang='lat' dir='ltr'><strong>mentio</strong></span> <span class='ocrx_word' id='word_1_96' title='bbox 1299 1623 1307 1658; x_wconf 82' lang='grc' dir='ltr'><strong>ι</strong></span> <span class='ocrx_word' id='word_1_97' title='bbox 1329 1623 1410 1679; x_wconf 76' lang='lat' dir='ltr'><strong>qnare</strong></span> 
     </span>
     <span class='ocr_line' id='line_1_13' title="bbox 374 1699 569 1755; baseline -0.005 0"><span class='ocrx_word' id='word_1_98' title='bbox 374 1699 475 1755; x_wconf 80' lang='lat' dir='ltr'><strong>Markl.</strong></span> <span class='ocrx_word' id='word_1_99' title='bbox 489 1718 569 1754; x_wconf 84' lang='lat' dir='ltr'><strong>auro.</strong></span> 
     </span>
    </p>

    <p class='ocr_par' dir='ltr' id='par_1_7' title="bbox 374 1784 1411 2050">
     <span class='ocr_line' id='line_1_14' title="bbox 417 1784 1411 1867; baseline -0.002 -21"><span class='ocrx_word' id='word_1_100' title='bbox 417 1793 584 1866; x_wconf 83' lang='lat' dir='ltr'><strong>Mensoeque</strong></span> <span class='ocrx_word' id='word_1_101' title='bbox 590 1801 733 1864; x_wconf 80' lang='lat' dir='ltr'><strong>parantur</strong></span> <span class='ocrx_word' id='word_1_102' title='bbox 745 1789 879 1844; x_wconf 82' lang='lat' dir='ltr'><strong>Assi&#39;duoe</strong></span> <span class='ocrx_word' id='word_1_103' title='bbox 891 1784 930 1867; x_wconf 84' lang='lat' dir='ltr'><strong>(v.</strong></span> <span class='ocrx_word' id='word_1_104' title='bbox 946 1785 1029 1865; x_wconf 78' lang='lat'>236).·</span> <span class='ocrx_word' id='word_1_105' title='bbox 1039 1787 1083 1844; x_wconf 87' lang='lat' dir='ltr'><strong>De</strong></span> <span class='ocrx_word' id='word_1_106' title='bbox 1097 1805 1178 1843; x_wconf 85' lang='lat' dir='ltr'><strong>sacro</strong></span> <span class='ocrx_word' id='word_1_107' title='bbox 1191 1789 1334 1861; x_wconf 86' lang='lat' dir='ltr'><strong>parentali</strong></span> <span class='ocrx_word' id='word_1_108' title='bbox 1340 1799 1367 1846; x_wconf 89' lang='lat' dir='ltr'><strong>et</strong></span> <span class='ocrx_word' id='word_1_109' title='bbox 1381 1790 1411 1846; x_wconf 85' lang='lat' dir='ltr'><strong>de</strong></span> 
     </span>
     <span class='ocr_line' id='line_1_15' title="bbox 374 1879 1408 1954; baseline 0 -16"><span class='ocrx_word' id='word_1_110' title='bbox 374 1883 516 1940; x_wconf 84' lang='lat' dir='ltr'><strong>silicernio</strong></span> <span class='ocrx_word' id='word_1_111' title='bbox 530 1902 557 1938; x_wconf 78' lang='lat' dir='ltr'><strong>v.</strong></span> <span class='ocrx_word' id='word_1_112' title='bbox 572 1881 609 1938; x_wconf 86' lang='lat' dir='ltr'><strong>ad</strong></span> <span class='ocrx_word' id='word_1_113' title='bbox 622 1882 651 1938; x_wconf 87' lang='lat' dir='ltr'><strong>li.</strong></span> <span class='ocrx_word' id='word_1_114' title='bbox 665 1881 684 1938; x_wconf 93' lang='lat' dir='ltr'><strong>l.</strong></span> <span class='ocrx_word' id='word_1_115' title='bbox 695 1883 843 1937; x_wconf 80' lang='lat' dir='ltr'><strong>Bsnirnn.</strong></span> <span class='ocrx_word' id='word_1_116' title='bbox 853 1911 894 1924; x_wconf 91' lang='lat'><em>—</em></span> <span class='ocrx_word' id='word_1_117' title='bbox 902 1883 1011 1937; x_wconf 84' lang='lat' dir='ltr'><strong>Domus</strong></span> <span class='ocrx_word' id='word_1_118' title='bbox 1028 1899 1035 1935; x_wconf 92' lang='lat'><strong>:</strong></span> <span class='ocrx_word' id='word_1_119' title='bbox 1049 1897 1116 1935; x_wconf 84' lang='lat' dir='ltr'><strong>nain</strong></span> <span class='ocrx_word' id='word_1_120' title='bbox 1129 1879 1230 1954; x_wconf 78' lang='lat' dir='ltr'><strong>saepins</strong></span> <span class='ocrx_word' id='word_1_121' title='bbox 1247 1881 1305 1937; x_wconf 83' lang='lat' dir='ltr'><strong>lion</strong></span> <span class='ocrx_word' id='word_1_122' title='bbox 1317 1883 1408 1938; x_wconf 79' lang='lat' dir='ltr'><strong>vocali.</strong></span> 
     </span>
     <span class='ocr_line' id='line_1_16' title="bbox 374 1974 700 2050; baseline -0.003 -19"><span class='ocrx_word' id='word_1_123' title='bbox 374 1977 536 2050; x_wconf 87' lang='lat' dir='ltr'><strong>sepulcrum</strong></span> <span class='ocrx_word' id='word_1_124' title='bbox 546 1974 700 2031; x_wconf 87' lang='lat' dir='ltr'><strong>indicatur.</strong></span> 
     </span>
    </p>

    <p class='ocr_par' dir='ltr' id='par_1_8' title="bbox 374 2063 1409 2236">
     <span class='ocr_line' id='line_1_17' title="bbox 412 2063 1409 2146; baseline 0.002 -23"><span class='ocrx_word' id='word_1_125' title='bbox 412 2068 494 2124; x_wconf 82' lang='lat' dir='ltr'><strong>Iubet</strong></span> <span class='ocrx_word' id='word_1_126' title='bbox 513 2070 555 2124; x_wconf 88' lang='lat' dir='ltr'><strong>ire</strong></span> <span class='ocrx_word' id='word_1_127' title='bbox 559 2066 648 2141; x_wconf 82' lang='lat' dir='ltr'><strong>faces</strong></span> <span class='ocrx_word' id='word_1_128' title='bbox 667 2065 843 2141; x_wconf 85' lang='lat' dir='ltr'><strong>Proserpina</strong></span> <span class='ocrx_word' id='word_1_129' title='bbox 864 2063 903 2145; x_wconf 73' lang='lat' dir='ltr'><strong>(v.</strong></span> <span class='ocrx_word' id='word_1_130' title='bbox 922 2067 977 2133; x_wconf 73' lang='lat'><strong>254</strong></span> <span class='ocrx_word' id='word_1_131' title='bbox 997 2065 1082 2146; x_wconf 58' lang='lat' dir='ltr'><strong>squ).</strong></span> <span class='ocrx_word' id='word_1_132' title='bbox 1101 2069 1219 2124; x_wconf 76' lang='lat' dir='ltr'><strong>«Totus</strong></span> <span class='ocrx_word' id='word_1_133' title='bbox 1239 2068 1322 2125; x_wconf 88' lang='lat' dir='ltr'><strong>loeus</strong></span> <span class='ocrx_word' id='word_1_134' title='bbox 1338 2087 1409 2125; x_wconf 87' lang='lat' dir='ltr'><strong>snm-</strong></span> 
     </span>
     <span class='ocr_line' id='line_1_18' title="bbox 374 2157 891 2236; baseline -0.01 -17"><span class='ocrx_word' id='word_1_135' title='bbox 374 2170 440 2235; x_wconf 77' lang='lat' dir='ltr'><strong>ptus</strong></span> <span class='ocrx_word' id='word_1_136' title='bbox 459 2179 494 2218; x_wconf 88' lang='lat' dir='ltr'><strong>ex</strong></span> <span class='ocrx_word' id='word_1_137' title='bbox 513 2160 626 2236; x_wconf 77' lang='lat' dir='ltr'><strong>Virgilii</strong></span> <span class='ocrx_word' id='word_1_138' title='bbox 642 2160 750 2228; x_wconf 87' lang='lat' dir='ltr'><strong>Culice,</strong></span> <span class='ocrx_word' id='word_1_139' title='bbox 764 2178 792 2214; x_wconf 80' lang='grc' dir='ltr'><strong>ι.</strong></span> <span class='ocrx_word' id='word_1_140' title='bbox 811 2157 891 2216; x_wconf 84' lang='lat'><strong>260:</strong></span> 
     </span>
    </p>
   </div>
   <div class='ocr_carea' id='block_1_5' title="bbox 480 2311 1039 2464">
    <p class='ocr_par' dir='ltr' id='par_1_9' title="bbox 480 2311 1039 2464">
     <span class='ocr_line' id='line_1_19' title="bbox 480 2311 1039 2379; baseline 0 -16"><span class='ocrx_word' id='word_1_141' title='bbox 480 2311 560 2364; x_wconf 73' lang='lat' dir='ltr'><strong>obvii</strong></span> <span class='ocrx_word' id='word_1_142' title='bbox 569 2311 722 2379; x_wconf 75' lang='lat' dir='ltr'><strong>Persephone</strong></span> <span class='ocrx_word' id='word_1_143' title='bbox 734 2311 832 2362; x_wconf 84' lang='lat' dir='ltr'><strong>oomitei</strong></span> <span class='ocrx_word' id='word_1_144' title='bbox 844 2312 961 2364; x_wconf 78' lang='lat' dir='ltr'><strong>lleroiilas</strong></span> <span class='ocrx_word' id='word_1_145' title='bbox 971 2323 1039 2379; x_wconf 85' lang='lat' dir='ltr'><strong>urget</strong></span> 
     </span>
     <span class='ocr_line' id='line_1_20' title="bbox 480 2395 823 2464; baseline 0 -18"><span class='ocrx_word' id='word_1_146' title='bbox 480 2396 598 2447; x_wconf 78' lang='lat' dir='ltr'><strong>Adversas</strong></span> <span class='ocrx_word' id='word_1_147' title='bbox 608 2395 720 2464; x_wconf 68' lang='lat' dir='ltr'><strong>presens</strong></span> <span class='ocrx_word' id='word_1_148' title='bbox 729 2395 801 2448; x_wconf 67' lang='lat' dir='ltr'><strong>laea.</strong></span> <span class='ocrx_word' id='word_1_149' title='bbox 810 2419 823 2439; x_wconf 76' lang='lat'><strong>1·</strong></span> 
     </span>
    </p>
   </div>
   <div class='ocr_carea' id='block_1_6' title="bbox 365 2486 1407 2928">
    <p class='ocr_par' dir='ltr' id='par_1_10' title="bbox 365 2486 1407 2928">
     <span class='ocr_line' id='line_1_21' title="bbox 1240 2486 1358 2541; baseline 0 0"><span class='ocrx_word' id='word_1_150' title='bbox 1240 2486 1358 2541; x_wconf 78' lang='grc' dir='ltr'><strong>Μιιιιι.</strong></span> 
     </span>
     <span class='ocr_line' id='line_1_22' title="bbox 365 2576 1406 2651; baseline 0.004 -20"><span class='ocrx_word' id='word_1_151' title='bbox 365 2614 386 2623; x_wconf 81' lang='lat'><strong>.·</strong></span> <span class='ocrx_word' id='word_1_152' title='bbox 412 2577 508 2633; x_wconf 75' lang='lat' dir='ltr'><strong>Ciu.</strong></span> <span class='ocrx_word' id='word_1_153' title='bbox 523 2578 560 2633; x_wconf 80' lang='lat' dir='ltr'><strong>IL</strong></span> <span class='ocrx_word' id='word_1_154' title='bbox 576 2576 648 2635; x_wconf 86' lang='lat' dir='ltr'><strong>Cod.</strong></span> <span class='ocrx_word' id='word_1_155' title='bbox 662 2576 783 2651; x_wconf 81' lang='lat' dir='ltr'><strong>Rhedig.</strong></span> <span class='ocrx_word' id='word_1_156' title='bbox 803 2586 831 2631; x_wconf 88' lang='lat' dir='ltr'><strong>et</strong></span> <span class='ocrx_word' id='word_1_157' title='bbox 845 2576 890 2632; x_wconf 88' lang='lat' dir='ltr'><strong>ed.</strong></span> <span class='ocrx_word' id='word_1_158' title='bbox 905 2576 1062 2633; x_wconf 72' lang='lat' dir='ltr'><strong>Parmensis</strong></span> <span class='ocrx_word' id='word_1_159' title='bbox 1076 2576 1244 2650; x_wconf 81' lang='lat' dir='ltr'><strong>inscripsere</strong></span> <span class='ocrx_word' id='word_1_160' title='bbox 1262 2579 1330 2635; x_wconf 89' lang='lat' dir='ltr'><strong>huic</strong></span> <span class='ocrx_word' id='word_1_161' title='bbox 1352 2598 1406 2634; x_wconf 84' lang='lat' dir='ltr'><strong>car-</strong></span> 
     </span>
     <span class='ocr_line' id='line_1_23' title="bbox 372 2666 1407 2745; baseline 0.001 -21"><span class='ocrx_word' id='word_1_162' title='bbox 372 2666 443 2724; x_wconf 84' lang='lat' dir='ltr'><strong>mini</strong></span> <span class='ocrx_word' id='word_1_163' title='bbox 463 2690 470 2725; x_wconf 91' lang='lat'>:</span> <span class='ocrx_word' id='word_1_164' title='bbox 491 2672 591 2730; x_wconf 74' lang='lat' dir='ltr'><strong>laudes</strong></span> <span class='ocrx_word' id='word_1_165' title='bbox 610 2669 747 2745; x_wconf 74' lang='lat' dir='ltr'><strong>Crispini,</strong></span> <span class='ocrx_word' id='word_1_166' title='bbox 770 2670 855 2725; x_wconf 84' lang='lat' dir='ltr'><strong>Vettii</strong></span> <span class='ocrx_word' id='word_1_167' title='bbox 870 2669 1053 2743; x_wconf 81' lang='lat' dir='ltr'><strong>Bolanifilii.</strong></span> <span class='ocrx_word' id='word_1_168' title='bbox 1072 2672 1116 2729; x_wconf 85' lang='lat' dir='ltr'><strong>De</strong></span> <span class='ocrx_word' id='word_1_169' title='bbox 1135 2670 1225 2745; x_wconf 81' lang='lat' dir='ltr'><strong>patris</strong></span> <span class='ocrx_word' id='word_1_170' title='bbox 1242 2690 1311 2727; x_wconf 80' lang='lat' dir='ltr'><strong>vera</strong></span> <span class='ocrx_word' id='word_1_171' title='bbox 1331 2672 1407 2729; x_wconf 84' lang='lat' dir='ltr'><strong>laude</strong></span> 
     </span>
     <span class='ocr_line' id='line_1_24' title="bbox 373 2759 1406 2840; baseline 0.005 -24"><span class='ocrx_word' id='word_1_172' title='bbox 373 2759 478 2817; x_wconf 86' lang='lat' dir='ltr'><strong>sufficit</strong></span> <span class='ocrx_word' id='word_1_173' title='bbox 496 2780 571 2819; x_wconf 89' lang='lat' dir='ltr'><strong>nnus</strong></span> <span class='ocrx_word' id='word_1_174' title='bbox 590 2761 668 2818; x_wconf 86' lang='lat' dir='ltr'><strong>testis</strong></span> <span class='ocrx_word' id='word_1_175' title='bbox 695 2760 823 2817; x_wconf 87' lang='lat' dir='ltr'><strong>oinniuin</strong></span> <span class='ocrx_word' id='word_1_176' title='bbox 844 2762 1120 2835; x_wconf 82' lang='lat' dir='ltr'><strong>incorruptissimus,</strong></span> <span class='ocrx_word' id='word_1_177' title='bbox 1138 2764 1271 2833; x_wconf 86' lang='lat' dir='ltr'><strong>Tacitus,</strong></span> <span class='ocrx_word' id='word_1_178' title='bbox 1300 2766 1406 2840; x_wconf 61' lang='lat' dir='ltr'><strong>Agrii..</strong></span> 
     </span>
     <span class='ocr_line' id='line_1_25' title="bbox 374 2844 798 2928; baseline 0.005 -19"><span class='ocrx_word' id='word_1_179' title='bbox 374 2872 398 2909; x_wconf 85' lang='lat' dir='ltr'><strong>c.</strong></span> <span class='ocrx_word' id='word_1_180' title='bbox 413 2872 480 2925; x_wconf 78' lang='lat' dir='ltr'><strong>xvi,</strong></span> <span class='ocrx_word' id='word_1_181' title='bbox 494 2865 522 2910; x_wconf 89' lang='lat' dir='ltr'><strong>et</strong></span> <span class='ocrx_word' id='word_1_182' title='bbox 535 2854 644 2928; x_wconf 76' lang='lat' dir='ltr'><strong>saepius.</strong></span> <span class='ocrx_word' id='word_1_183' title='bbox 794 2844 798 2857; x_wconf 60' lang='lat'>⁸</span> 
     </span>
    </p>
   </div>
   <div class='ocr_carea' id='block_1_7' title="bbox 374 2942 1407 3211">
    <p class='ocr_par' dir='ltr' id='par_1_11' title="bbox 374 2942 1407 3211">
     <span class='ocr_line' id='line_1_26' title="bbox 413 2942 1407 3025; baseline 0.001 -23"><span class='ocrx_word' id='word_1_184' title='bbox 413 2948 569 3020; x_wconf 73' lang='lat' dir='ltr'><strong>Iapetum</strong></span> <span class='ocrx_word' id='word_1_185' title='bbox 588 2947 696 3001; x_wconf 77' lang='lat' dir='ltr'><strong>liinri&#39;ria</strong></span> <span class='ocrx_word' id='word_1_186' title='bbox 710 2956 808 3021; x_wconf 82' lang='lat' dir='ltr'><strong>guttas</strong></span> <span class='ocrx_word' id='word_1_187' title='bbox 823 2942 860 3022; x_wconf 81' lang='lat' dir='ltr'><strong>(r.</strong></span> <span class='ocrx_word' id='word_1_188' title='bbox 879 2942 918 3025; x_wconf 75' lang='grc'><strong>4).</strong></span> <span class='ocrx_word' id='word_1_189' title='bbox 938 2948 960 3003; x_wconf 91' lang='grc' dir='ltr'><strong>Ι.</strong></span> <span class='ocrx_word' id='word_1_190' title='bbox 976 2966 1001 3004; x_wconf 91' lang='lat' dir='ltr'><strong>e.</strong></span> <span class='ocrx_word' id='word_1_191' title='bbox 1015 2947 1197 3021; x_wconf 89' lang='lat' dir='ltr'><strong>propellunt,</strong></span> <span class='ocrx_word' id='word_1_192' title='bbox 1218 2958 1338 3004; x_wconf 75' lang='lat' dir='ltr'><strong>movent</strong></span> <span class='ocrx_word' id='word_1_193' title='bbox 1343 2990 1353 3019; x_wconf 91' lang='lat'><strong>,</strong></span> <span class='ocrx_word' id='word_1_194' title='bbox 1365 2967 1407 3003; x_wconf 82' lang='lat' dir='ltr'><strong>ex-</strong></span> 
     </span>
     <span class='ocr_line' id='line_1_27' title="bbox 374 3039 469 3095; baseline 0.011 -1"><span class='ocrx_word' id='word_1_195' title='bbox 374 3039 469 3095; x_wconf 80' lang='lat' dir='ltr'><strong>citant.</strong></span> 
     </span>
     <span class='ocr_line' id='line_1_28' title="bbox 417 3130 1406 3211; baseline 0.004 -24"><span class='ocrx_word' id='word_1_196' title='bbox 417 3131 554 3206; x_wconf 84' lang='lat' dir='ltr'><strong>Optanda</strong></span> <span class='ocrx_word' id='word_1_197' title='bbox 570 3132 769 3210; x_wconf 83' lang='lat' dir='ltr'><strong>propinquant</strong></span> <span class='ocrx_word' id='word_1_198' title='bbox 789 3136 892 3191; x_wconf 82' lang='lat' dir='ltr'><strong>Tristia</strong></span> <span class='ocrx_word' id='word_1_199' title='bbox 905 3130 943 3211; x_wconf 78' lang='lat' dir='ltr'><strong>(v.</strong></span> <span class='ocrx_word' id='word_1_200' title='bbox 963 3130 1019 3211; x_wconf 85' lang='grc' dir='ltr'><strong>ιι).</strong></span> <span class='ocrx_word' id='word_1_201' title='bbox 1038 3136 1094 3189; x_wconf 88' lang='lat' dir='ltr'><strong>Pro</strong></span> <span class='ocrx_word' id='word_1_202' title='bbox 1111 3132 1231 3207; x_wconf 84' lang='lat' dir='ltr'><strong>simplici</strong></span> <span class='ocrx_word' id='word_1_203' title='bbox 1244 3148 1326 3204; x_wconf 86' lang='lat' dir='ltr'><strong>surit,</strong></span> <span class='ocrx_word' id='word_1_204' title='bbox 1348 3135 1406 3210; x_wconf 80' lang='lat' dir='ltr'><strong>quin</strong></span> 
     </span>
    </p>
   </div>
   <div class='ocr_carea' id='block_1_8' title="bbox 371 3224 1408 4139">
    <p class='ocr_par' dir='ltr' id='par_1_12' title="bbox 371 3224 1408 3489">
     <span class='ocr_line' id='line_1_29' title="bbox 373 3224 1407 3302; baseline 0 -21"><span class='ocrx_word' id='word_1_205' title='bbox 373 3224 448 3281; x_wconf 80' lang='lat' dir='ltr'><strong>aetati</strong></span> <span class='ocrx_word' id='word_1_206' title='bbox 455 3224 496 3280; x_wconf 88' lang='lat' dir='ltr'><strong>illi</strong></span> <span class='ocrx_word' id='word_1_207' title='bbox 509 3225 691 3299; x_wconf 87' lang='lat' dir='ltr'><strong>propinquus</strong></span> <span class='ocrx_word' id='word_1_208' title='bbox 700 3230 761 3283; x_wconf 74' lang='lat' dir='ltr'><strong>erat</strong></span> <span class='ocrx_word' id='word_1_209' title='bbox 776 3228 931 3302; x_wconf 82' lang='lat' dir='ltr'><strong>Crispinus.</strong></span> <span class='ocrx_word' id='word_1_210' title='bbox 943 3226 1014 3283; x_wconf 81' lang='lat' dir='ltr'><strong>eod.</strong></span> <span class='ocrx_word' id='word_1_211' title='bbox 1027 3225 1136 3297; x_wconf 65' lang='lat' dir='ltr'><strong>nied„</strong></span> <span class='ocrx_word' id='word_1_212' title='bbox 1145 3226 1211 3283; x_wconf 90' lang='lat' dir='ltr'><strong>edd.</strong></span> <span class='ocrx_word' id='word_1_213' title='bbox 1223 3245 1268 3301; x_wconf 87' lang='lat' dir='ltr'><strong>pr.</strong></span> <span class='ocrx_word' id='word_1_214' title='bbox 1281 3239 1312 3285; x_wconf 83' lang='lat' dir='ltr'><strong>et</strong></span> <span class='ocrx_word' id='word_1_215' title='bbox 1325 3232 1407 3285; x_wconf 79' lang='lat' dir='ltr'><strong>lien:</strong></span> 
     </span>
     <span class='ocr_line' id='line_1_30' title="bbox 371 3317 1408 3396; baseline 0.003 -23"><span class='ocrx_word' id='word_1_216' title='bbox 371 3320 539 3393; x_wconf 73' lang='lat' dir='ltr'><strong>propinqui,</strong></span> <span class='ocrx_word' id='word_1_217' title='bbox 554 3317 636 3393; x_wconf 87' lang='lat' dir='ltr'><strong>quod</strong></span> <span class='ocrx_word' id='word_1_218' title='bbox 650 3320 732 3376; x_wconf 91' lang='lat' dir='ltr'><strong>nullo</strong></span> <span class='ocrx_word' id='word_1_219' title='bbox 745 3321 834 3378; x_wconf 84' lang='lat' dir='ltr'><strong>modo</strong></span> <span class='ocrx_word' id='word_1_220' title='bbox 851 3320 970 3396; x_wconf 80' lang='lat' dir='ltr'><strong>probari</strong></span> <span class='ocrx_word' id='word_1_221' title='bbox 983 3321 1020 3376; x_wconf 81' lang='lat' dir='ltr'><strong>ab</strong></span> <span class='ocrx_word' id='word_1_222' title='bbox 1034 3318 1226 3377; x_wconf 87' lang='lat' dir='ltr'><strong>reoentissimo</strong></span> <span class='ocrx_word' id='word_1_223' title='bbox 1241 3320 1351 3379; x_wconf 75' lang='lat' dir='ltr'><strong>editore</strong></span> <span class='ocrx_word' id='word_1_224' title='bbox 1364 3323 1408 3378; x_wconf 86' lang='lat' dir='ltr'><strong>de-</strong></span> 
     </span>
     <span class='ocr_line' id='line_1_31' title="bbox 373 3411 877 3489; baseline 0.002 -20"><span class='ocrx_word' id='word_1_225' title='bbox 373 3411 470 3469; x_wconf 85' lang='lat' dir='ltr'><strong>bebat.</strong></span> <span class='ocrx_word' id='word_1_226' title='bbox 491 3411 563 3467; x_wconf 86' lang='lat' dir='ltr'><strong>eod.</strong></span> <span class='ocrx_word' id='word_1_227' title='bbox 576 3411 663 3468; x_wconf 80' lang='lat' dir='ltr'><strong>Paris.</strong></span> <span class='ocrx_word' id='word_1_228' title='bbox 678 3433 685 3468; x_wconf 72' lang='grc' dir='ltr'>ε</span> <span class='ocrx_word' id='word_1_229' title='bbox 694 3416 877 3489; x_wconf 74' lang='lat' dir='ltr'><strong>propinquis.</strong></span> 
     </span>
    </p>

    <p class='ocr_par' dir='ltr' id='par_1_13' title="bbox 373 3502 1405 3656">
     <span class='ocr_line' id='line_1_32' title="bbox 416 3502 1405 3584; baseline 0.004 -25"><span class='ocrx_word' id='word_1_230' title='bbox 416 3504 527 3559; x_wconf 65' lang='lat' dir='ltr'><strong>Trabea</strong></span> <span class='ocrx_word' id='word_1_231' title='bbox 548 3502 683 3582; x_wconf 81' lang='lat' dir='ltr'><strong>llemi(r.</strong></span> <span class='ocrx_word' id='word_1_232' title='bbox 708 3503 766 3584; x_wconf 76' lang='grc' dir='ltr'><strong>ιδ).</strong></span> <span class='ocrx_word' id='word_1_233' title='bbox 790 3508 901 3565; x_wconf 68' lang='lat' dir='ltr'><strong>Trabea</strong></span> <span class='ocrx_word' id='word_1_234' title='bbox 921 3526 1054 3578; x_wconf 83' lang='lat' dir='ltr'><strong>romana,</strong></span> <span class='ocrx_word' id='word_1_235' title='bbox 1075 3507 1206 3582; x_wconf 85' lang='lat' dir='ltr'><strong>equitnm</strong></span> <span class='ocrx_word' id='word_1_236' title='bbox 1230 3508 1342 3584; x_wconf 87' lang='lat' dir='ltr'><strong>insigni.</strong></span> <span class='ocrx_word' id='word_1_237' title='bbox 1369 3508 1405 3563; x_wconf 81' lang='lat' dir='ltr'><strong>Cf.</strong></span> 
     </span>
     <span class='ocr_line' id='line_1_33' title="bbox 373 3598 490 3656; baseline 0.034 -4"><span class='ocrx_word' id='word_1_238' title='bbox 373 3598 490 3656; x_wconf 77' lang='grc' dir='ltr'><strong>Μιιιι.</strong></span> 
     </span>
    </p>

    <p class='ocr_par' dir='ltr' id='par_1_14' title="bbox 373 3690 1405 3958">
     <span class='ocr_line' id='line_1_34' title="bbox 412 3690 1404 3771; baseline 0.003 -25"><span class='ocrx_word' id='word_1_239' title='bbox 412 3691 470 3746; x_wconf 89' lang='lat' dir='ltr'><strong>Per</strong></span> <span class='ocrx_word' id='word_1_240' title='bbox 477 3691 586 3767; x_wconf 72' lang='lat' dir='ltr'><strong>Jiigera</strong></span> <span class='ocrx_word' id='word_1_241' title='bbox 609 3692 684 3749; x_wconf 83' lang='lat' dir='ltr'><strong>Circi</strong></span> <span class='ocrx_word' id='word_1_242' title='bbox 701 3690 741 3771; x_wconf 85' lang='lat' dir='ltr'><strong>(v.</strong></span> <span class='ocrx_word' id='word_1_243' title='bbox 758 3690 815 3771; x_wconf 86' lang='grc' dir='ltr'><strong>ιι).</strong></span> <span class='ocrx_word' id='word_1_244' title='bbox 837 3696 985 3771; x_wconf 85' lang='lat' dir='ltr'><strong>Nusquam</strong></span> <span class='ocrx_word' id='word_1_245' title='bbox 1002 3694 1147 3751; x_wconf 85' lang='lat' dir='ltr'><strong>invenitur</strong></span> <span class='ocrx_word' id='word_1_246' title='bbox 1161 3692 1269 3769; x_wconf 79' lang='lat' dir='ltr'><strong>jugera</strong></span> <span class='ocrx_word' id='word_1_247' title='bbox 1289 3693 1404 3759; x_wconf 60' lang='lat' dir='ltr'><strong>dictum</strong></span> 
     </span>
     <span class='ocr_line' id='line_1_35' title="bbox 373 3784 1405 3863; baseline 0.001 -24"><span class='ocrx_word' id='word_1_248' title='bbox 373 3784 467 3859; x_wconf 82' lang='lat' dir='ltr'><strong>inquit</strong></span> <span class='ocrx_word' id='word_1_249' title='bbox 487 3786 607 3857; x_wconf 65' lang='lat' dir='ltr'><strong>Markl„</strong></span> <span class='ocrx_word' id='word_1_250' title='bbox 624 3811 637 3839; x_wconf 76' lang='grc' dir='ltr'><strong>ι</strong></span> <span class='ocrx_word' id='word_1_251' title='bbox 652 3786 707 3842; x_wconf 87' lang='lat' dir='ltr'><strong>nisi</strong></span> <span class='ocrx_word' id='word_1_252' title='bbox 724 3786 760 3842; x_wconf 89' lang='lat' dir='ltr'><strong>de</strong></span> <span class='ocrx_word' id='word_1_253' title='bbox 781 3786 910 3845; x_wconf 87' lang='lat' dir='ltr'><strong>dimenso</strong></span> <span class='ocrx_word' id='word_1_254' title='bbox 931 3807 1000 3863; x_wconf 86' lang='lat' dir='ltr'><strong>agro</strong></span> <span class='ocrx_word' id='word_1_255' title='bbox 1022 3798 1050 3844; x_wconf 89' lang='lat' dir='ltr'><strong>et</strong></span> <span class='ocrx_word' id='word_1_256' title='bbox 1071 3786 1109 3843; x_wconf 88' lang='lat' dir='ltr'><strong>ad</strong></span> <span class='ocrx_word' id='word_1_257' title='bbox 1131 3798 1238 3844; x_wconf 83' lang='lat' dir='ltr'><strong>certam</strong></span> <span class='ocrx_word' id='word_1_258' title='bbox 1256 3805 1405 3843; x_wconf 79' lang='lat' dir='ltr'><strong>mensnram</strong></span> 
     </span>
     <span class='ocr_line' id='line_1_36' title="bbox 373 3875 1277 3958; baseline 0.004 -25"><span class='ocrx_word' id='word_1_259' title='bbox 373 3875 491 3934; x_wconf 84' lang='lat' dir='ltr'><strong>delinito</strong></span> <span class='ocrx_word' id='word_1_260' title='bbox 506 3898 514 3933; x_wconf 75' lang='grc' dir='ltr'><strong>ι</strong></span> <span class='ocrx_word' id='word_1_261' title='bbox 536 3898 650 3954; x_wconf 79' lang='lat' dir='ltr'><strong>»quare</strong></span> <span class='ocrx_word' id='word_1_262' title='bbox 665 3880 793 3954; x_wconf 88' lang='lat' dir='ltr'><strong>reposuit</strong></span> <span class='ocrx_word' id='word_1_263' title='bbox 811 3900 819 3937; x_wconf 90' lang='lat'><strong>:</strong></span> <span class='ocrx_word' id='word_1_264' title='bbox 829 3901 888 3958; x_wconf 86' lang='lat' dir='ltr'><strong>per</strong></span> <span class='ocrx_word' id='word_1_265' title='bbox 901 3901 1020 3938; x_wconf 86' lang='lat' dir='ltr'><strong>munera</strong></span> <span class='ocrx_word' id='word_1_266' title='bbox 1035 3880 1081 3946; x_wconf 86' lang='lat' dir='ltr'><strong>C.,·</strong></span> <span class='ocrx_word' id='word_1_267' title='bbox 1095 3880 1161 3937; x_wconf 78' lang='lat' dir='ltr'><strong>ride</strong></span> <span class='ocrx_word' id='word_1_268' title='bbox 1174 3879 1277 3956; x_wconf 88' lang='lat' dir='ltr'><strong>ipsum.</strong></span> 
     </span>
    </p>

    <p class='ocr_par' dir='ltr' id='par_1_15' title="bbox 374 3972 1404 4139">
     <span class='ocr_line' id='line_1_37' title="bbox 414 3972 1404 4057; baseline 0.001 -30"><span class='ocrx_word' id='word_1_269' title='bbox 414 3973 529 4040; x_wconf 84' lang='lat' dir='ltr'><strong>Pater‚·</strong></span> <span class='ocrx_word' id='word_1_270' title='bbox 550 3975 657 4048; x_wconf 86' lang='lat' dir='ltr'><strong>quippe</strong></span> <span class='ocrx_word' id='word_1_271' title='bbox 679 3976 731 4031; x_wconf 84' lang='lat' dir='ltr'><strong>ille</strong></span> <span class='ocrx_word' id='word_1_272' title='bbox 751 3973 789 4051; x_wconf 86' lang='lat' dir='ltr'><strong>(v.</strong></span> <span class='ocrx_word' id='word_1_273' title='bbox 809 3974 843 4031; x_wconf 80' lang='lat'><strong>31</strong></span> <span class='ocrx_word' id='word_1_274' title='bbox 868 3972 953 4057; x_wconf 81' lang='lat' dir='ltr'><strong>sqq.).</strong></span> <span class='ocrx_word' id='word_1_275' title='bbox 973 3978 1017 4032; x_wconf 88' lang='lat' dir='ltr'><strong>De</strong></span> <span class='ocrx_word' id='word_1_276' title='bbox 1040 3974 1083 4031; x_wconf 84' lang='lat' dir='ltr'><strong>liis</strong></span> <span class='ocrx_word' id='word_1_277' title='bbox 1104 3976 1191 4031; x_wconf 86' lang='lat' dir='ltr'><strong>rebus</strong></span> <span class='ocrx_word' id='word_1_278' title='bbox 1210 3976 1273 4049; x_wconf 84' lang='lat' dir='ltr'><strong>lege</strong></span> <span class='ocrx_word' id='word_1_279' title='bbox 1287 3974 1404 4039; x_wconf 65' lang='lat' dir='ltr'><strong>Tium,</strong></span> 
     </span>
     <span class='ocr_line' id='line_1_38' title="bbox 374 4066 675 4139; baseline 0 -16"><span class='ocrx_word' id='word_1_280' title='bbox 374 4068 477 4123; x_wconf 77' lang='lat' dir='ltr'><strong>Annei,</strong></span> <span class='ocrx_word' id='word_1_281' title='bbox 487 4106 497 4134; x_wconf 89' lang='lat'><strong><em>,</em></strong></span> <span class='ocrx_word' id='word_1_282' title='bbox 516 4084 568 4135; x_wconf 80' lang='lat' dir='ltr'><strong>xv,</strong></span> <span class='ocrx_word' id='word_1_283' title='bbox 584 4066 675 4139; x_wconf 86' lang='lat' dir='ltr'><strong>princ.</strong></span> 
     </span>
    </p>
   </div>
   <div class='ocr_carea' id='block_1_9' title="bbox 0 0 1472 4950">
    <p class='ocr_par' dir='ltr' id='par_1_16' title="bbox 0 0 1472 4950">
     <span class='ocr_line' id='line_1_39' title="bbox 0 0 1472 4950; baseline 0 0"><span class='ocrx_word' id='word_1_284' title='bbox 0 0 1472 4950; x_wconf 95' lang='lat' dir='ltr'><strong> </strong></span> 
     </span>
    </p>
   </div>
  </div>
 </body>
</html>
