2934 4950
345 415 382 468 70
560 403 562 406 ·
703 398 733 451 r.
757 396 880 451 runnu
901 394 1023 453 srxru

343 524 522 617 Erexitque
539 548 627 614 mes,
643 537 743 617 atque
763 521 967 592 obluctantia
985 546 1064 590 saxa

345 642 532 711 Summovit
548 644 674 733 nitens,
691 658 726 712 et
740 664 864 739 magno
881 654 1016 736 pectore
1034 654 1181 708 montem

345 760 527 857 Reppulit;
545 763 707 832 immitem
726 762 842 833 credes
858 760 992 859 jussisse
1012 782 1201 828 novercam.

391 884 482 977 Ergo
497 906 580 977 ege,
596 906 655 952 seu
672 883 816 977 patrios,
831 880 916 951 liber
928 882 998 975 jam
1014 877 1163 974 legibus,
1181 880 1292 971 Argos

343 999 481 1091 Incolis,
499 1016 532 1071 et
551 1026 697 1072 mersum
715 999 852 1073 tumulis
868 1000 1053 1096 Eurystheu
1073 996 1194 1085 calcem

344 1120 422 1190 Sive
436 1122 485 1190 tui
504 1119 624 1191 solium
638 1122 747 1209 Iovis,
763 1136 796 1191 et
807 1098 937 1191 ¹virtute
957 1134 1071 1215 parete

345 1242 447 1311 Astra
462 1254 570 1331 tenes,
583 1241 808 1336 haustumque
827 1242 888 1310 tibi
903 1242 1070 1310 succincte
1086 1236 1173 1307 beuti

344 1362 512 1451 Necteris,
526 1362 662 1433 excluso
679 1360 799 1431 melior
816 1362 963 1457 Phryge,
979 1359 1122 1455 porrigit
1137 1358 1249 1450 Hebe,

344 1485 420 1553 Huc
431 1482 526 1570 edes,
542 1498 577 1552 et
588 1484 724 1578 genium
740 1479 873 1578 templis
889 1480 1102 1551 noscentibus
1117 1476 1212 1548 infer.

343 1604 422 1673 Non
440 1617 473 1673 te
488 1606 598 1673 Ieron
612 1626 754 1689 nocens,
776 1626 837 1671 nee
853 1600 1009 1697 pauperis
1025 1623 1105 1669 arva
1122 1596 1310 1685 Molorchi,

343 1724 415 1793 Nee
431 1721 628 1793 formidatus
643 1724 785 1793 Nemees
800 1744 893 1817 eger,
913 1734 1050 1789 entrare
1069 1732 1214 1814 poscunt

344 1842 500 1929 ‘lbi-acia,
518 1867 580 1911 nee
594 1842 708 1913 anrii
728 1840 857 1935 pollute
872 1840 990 1910 alterio
1006 1839 1109 1935 regis3

344 1962 409 2031 Sed
427 1962 519 2052 felix,
539 1961 746 2059 simplexque
762 1961 898 2049 domus,
913 1960 1134 2055 beudumque
1150 1956 1315 2029 malarum

326 2151 330 2162 ,
344 2083 469 2171 Inscia,
485 2097 519 2151 et
534 2083 721 2177 hospitibus
731 2084 868 2177 Superis
882 2082 1077 2178 dignissima
1091 2081 1194 2153 sedes.

345 2203 438 2271 Pone
455 2215 565 2271 truces
579 2226 696 2291 arens,
710 2226 896 2299 agmenque
916 2204 1044 2273 immite
1063 2202 1245 2297 pheretrse‚

345 2324 388 2391 Et
403 2345 521 2417 regum
533 2321 641 2394 multo
652 2322 825 2418 pertinum
839 2326 999 2419 sanguine
1009 2323 1127 2413 robur,

346 2444 595 2540 instratumque
613 2444 761 2516 humeris
779 2443 910 2516 dimitte
925 2444 1115 2542 gerentibus
1135 2446 1276 2517 hostem.

394 2564 457 2635 Hic
472 2565 534 2634 tibi
548 2565 687 2635 Sidonio
707 2565 832 2637 oelsum
850 2563 1005 2661 pulvinar
1020 2567 1164 2636 acantho

344 2685 497 2775 Texitur,
516 2699 551 2755 et
569 2687 673 2781 signis
693 2686 812 2756 erescit
833 2701 925 2756 torus
943 2709 1040 2781 esper
1059 2687 1204 2758 eburnis.

345 2808 502 2895 Pacatus,
517 2807 673 2901 mitisque
684 2809 775 2894 veni3
795 2830 856 2876 nec
873 2806 1026 2896 turbidus
1042 2809 1108 2892 ira,

347 2923 419 2995 Neo
435 2924 597 2996 bmulme
613 2927 748 3014 timens;
764 2926 823 2996 sed
838 2951 938 3022 quem
956 2941 990 2996 te
1002 2927 1153 2998 Maenalis
1171 2932 1265 3022 Auge

346 3045 544 3116 Confectum
560 3045 690 3134 thirsis,
710 3062 746 3116 et
760 3045 868 3117 multo
883 3046 986 3116 fratre
1003 3047 1192 3118 madentem

345 3165 519 3252 Detinuit3
535 3164 734 3261 qualemque
749 3192 841 3264 vage
861 3179 936 3264 post
952 3169 1094 3238 crimina
1110 3170 1217 3236 noctis

346 3283 500 3355 Thestius
513 3285 702 3382 obstupuit,
721 3289 819 3358 toties
832 3313 926 3358 socer
939 3315 948 3357 ε
962 3287 1017 3357 hic
1037 3288 1097 3360 tibi
1115 3287 1199 3358 festa

347 3407 512 3500 Gymnas,
531 3419 566 3476 et
578 3408 727 3478 insontes
741 3410 902 3504 juvenum
919 3409 990 3480 sine
1005 3409 1157 3478 cestibus
1173 3411 1230 3480 irne

347 3527 470 3594 Annus
487 3522 592 3596 veloci
607 3544 774 3622 peragunt
790 3530 973 3600 certamine
990 3527 1106 3601 lustro.

347 3645 413 3715 Hic
431 3645 564 3742 templis
580 3650 776 3743 inscriptus,
796 3675 858 3720 uro
875 3649 1054 3746 gaudente,
1070 3650 1224 3721 meerdos

348 3765 475 3838 Parvus
489 3766 616 3856 adhue,
631 3767 813 3865 similisque
827 3771 897 3858 tui,
913 3795 1018 3866 quum
1034 3773 1142 3866 prima
1162 3795 1309 3841 novercae

349 3887 503 3957 Monstra
518 3913 620 3958 manu
638 3914 820 3984 premeres,
839 3903 939 3985 atque
953 3891 1141 3960 exanimata
1157 3889 1293 3961 doleres.

398 4008 463 4077 Sed
478 4032 632 4102 quanam
645 4011 747 4081 subiti
761 4010 948 4092 veneranda
965 4010 1100 4082 exordia
1116 4009 1250 4106 templi,
