2934 4950
71 427 163 491 exo)
384 425 579 484 sumnum
594 413 708 482 anna
728 425 764 482 v.

71 553 214 646 Accipiat,
231 567 396 647 quantum
414 553 503 622 serus
520 541 699 624 exsultabit
714 547 852 622 Araxes!

70 677 184 762 Quanta
201 673 404 770 Calydonios
421 673 552 745 attollet
570 674 677 770 gloria
695 667 844 768 campos!

70 797 167 882 Quum
183 796 247 864 tibi
265 793 435 890 longaevus
452 796 575 866 referet
593 798 696 866 trucis
714 792 825 864 incola
843 807 955 863 terrae:

106 917 194 984 «Hic
213 931 327 987 suetus
344 917 424 986 dare
436 920 515 1013 jura
533 943 668 1012 parens;
685 919 751 987 hoc
770 919 893 1011 cespite
910 932 1037 986 turmas

71 1035 154 1106 affari
172 1063 181 1106 ε
200 1036 317 1134 vigiles
334 1039 500 1134 speculas,
518 1023 836 1133 castellaque'longe

70 1159 235 1252 Prospicis?
253 1159 309 1230 ille
324 1160 431 1250 dedit,
448 1162 619 1255 cinxitque
636 1162 708 1230 haec
726 1161 848 1228 rnoenia
866 1159 976 1228 sessa:

70 1277 222 1374 belligeris
238 1281 311 1350 lraec
326 1281 415 1352 dona
432 1285 528 1371 Deis,
545 1283 617 1352 haec
633 1281 700 1353 tela
716 1281 857 1368 dicavit3

70 1403 166 1472 umis
184 1402 296 1472 adhuc
312 1403 429 1474 titulos
448 1431 456 1472 :
476 1429 571 1502 nvnc
587 1429 676 1493 ross,
694 1427 909 1476 vocansrsvs
927 1425 1052 1487 aruis,

70 1523 188 1614 lrovis,
205 1549 302 1596 nvnc
320 1551 401 1598 arar
419 1551 548 1598 naevis
564 1551 729 1598 monaca
746 1549 963 1596 anscauso.»

70 1645 207 1731 Qualiter
224 1649 260 1717 in
277 1653 424 1719 Teucros
442 1651 594 1720 victricia
609 1648 698 1719 bella
716 1651 849 1744 paranti

69 1768 209 1860 lgnotum
226 1771 358 1866 Pyrrho
374 1771 516 1842 Phoenix
533 1771 691 1842 narrabat
707 1769 881 1842 Achillem.

105 1891 206 1980 Felix,
220 1896 280 1988 qui
299 1894 398 1965 viridi
415 1895 522 1966 fidens
539 1911 714 1990 cceptaque
727 1896 868 1988 juventa

69 2015 197 2085 Durabis
214 2041 432 2112 quascunque
448 2020 552 2104 vices3
570 2015 763 2110 vallumque
780 2015 908 2086 subibis

70 2137 176 2205 Forsan
192 2153 228 2206 et
244 2163 322 2206 ense
339 2136 442 2226 latus,
459 2140 487 2207 si
504 2140 644 2208 numina
663 2139 824 2232 principis
842 2135 967 2225 adsint,

71 2258 204 2346 Cinctm,
223 2276 258 2329 et
276 2261 428 2330 unanimi
445 2285 558 2330 comcs
575 2258 760 2329 indefessus
778 2261 893 2346 amici;

70 2380 135 2467 Quo
149 2379 289 2477 Pylades
304 2405 344 2450 ex
361 2407 455 2452 more
471 2383 560 2478 pins,
579 2407 647 2476 quo
664 2380 823 2452 Dardana
842 2382 946 2477 gessit

71 2500 147 2571 Bella
162 2504 382 2575 Menoetiades
399 2533 408 2574 :
426 2506 552 2599 quippe
572 2505 642 2574 haec
660 2503 841 2574 concordia
858 2504 968 2591 vobis,

69 2624 121 2692 Hic
135 2650 229 2697 amor
245 2642 312 2715 est,
329 2626 495 2721 duretque
513 2620 643 2721 precor!
663 2651 725 2695 nos
743 2624 863 2695 fortior
876 2639 956 2693 aetas

68 2745 128 2813 lam
143 2746 245 2841 fugit3
262 2748 343 2817 hinc
361 2749 447 2817 votis
463 2747 614 2816 animum
632 2746 855 2843 precibusque
870 2746 1006 2839 juvabo.

68 2868 119 2933 Hei
134 2865 227 2937 mihi!
245 2868 306 2938 sed
322 2884 426 2938 coetus
443 2867 559 2938 solitos
565 2870 605 2937 ‘si
621 2867 708 2938 forte
725 2868 834 2955 ciebo,

67 2989 103 3054 u
118 3014 186 3058 mea
201 2988 513 3060 Romuleivenient
529 2989 573 3059 ad
590 2992 738 3059 carmina
756 2968 881 3083 patres,

68 3108 110 3177 Fu
124 3108 241 3197 deeris,
262 3112 433 3205 Crispina,
450 3112 549 3197 mihi3
566 3136 759 3205 cuneosque
776 3135 837 3206 per
854 3134 969 3178 omnes

70 3232 210 3303 Temeus
227 3235 400 3303 absentem
417 3233 707 3328 circumspectabit
722 3231 879 3305 Achilles.

71 3352 124 3420 Sed
138 3355 249 3424 venies
266 3353 386 3423 melior
403 3356 543 3449 (vatum
560 3379 629 3423 non
646 3357 742 3423 irrita
758 3368 901 3424 currunt

69 3474 214 3572 0mina);
233 3478 361 3570 quique
378 3474 504 3569 aquilas
523 3476 583 3544 tibi
601 3502 707 3559 nunc,
724 3491 759 3545 et
775 3490 885 3545 castra
903 3471 1063 3561 recludit,

70 3590 148 3663 Idem
163 3622 281 3666 omnes
300 3596 446 3690 perferre
463 3596 601 3691 gradus,
620 3598 776 3692 cingique
793 3596 946 3690 superbis

70 3716 226 3805 Fascibus,
243 3733 279 3787 et
296 3717 423 3812 patrias
440 3716 532 3786 dabit
552 3717 711 3788 insedisse
727 3717 870 3787 curules.

107 3838 169 3908 Sed
184 3842 261 3934 quis
278 3840 321 3908 ab
339 3837 477 3908 excelsis
493 3840 647 3935 Trojanae
664 3837 805 3908 collibus
823 3838 930 3925 Albae,

70 3959 80 4034 l
86 3960 176 4031 Unde
191 3986 260 4031 suae
272 3962 372 4057 juxta
390 3977 580 4056 prospectat
597 3962 718 4030 moenia
737 3964 849 4029 Romae

71 4080 231 4153 Proximus
247 4080 306 4151 ille
324 4080 441 4176 Deus)
458 4086 558 4151 Fama
576 4080 725 4151 velocior
742 4083 844 4150 intrat
