2934 4950
384 440 439 497 106
521 380 524 405 1
687 436 900 494 'l'tsstmnos
920 437 1030 494 LIBER
1050 437 1118 493 vu„
1310 436 1409 498 (crasi

381 567 480 636 Nunc
499 562 592 634 rudis
609 564 772 651 Ismenes,
793 588 883 633 nunc
900 562 1062 633 flebiliora
1079 563 1246 656 precantis

380 687 582 781 Antigones,
601 686 761 779 variaque
777 686 928 753 animum
946 683 1103 754 turbante
1120 680 1266 778 procella

379 806 556 877 Exciderat
573 832 714 903 regnum
735 834 744 876 :
764 807 858 902 cupit
872 807 937 894 ire,
955 820 989 874 et
1005 806 1095 875 mitis
1113 804 1275 877 Adrastus

378 928 457 999 Non
475 943 566 998 vetat
583 954 591 997 ε
612 928 667 997 hic
684 929 782 1023 juste
798 926 931 1022 Tydeus
948 952 1077 997 memor
1094 942 1237 1022 occupat
1253 928 1333 997 ira:

431 1052 518 1121 «Me
534 1052 647 1145 potius
667 1050 770 1139 socii,
788 1051 847 1144 qui
863 1048 969 1119 lidum
988 1048 1144 1121 Eteoclea
1161 1074 1271 1144 nuper

378 1176 562 1267 Expertus,
580 1196 641 1241 nec
658 1170 763 1241 frater
775 1196 888 1259 eram,
904 1196 958 1240 me
975 1173 1137 1267 opponite
1155 1173 1244 1268 regi,

378 1294 483 1389 Cujus
503 1292 614 1363 adhuc
631 1317 749 1389 pacem
767 1293 954 1389 egregiam,
972 1306 1008 1362 et
1025 1292 1116 1363 bona
1134 1292 1257 1365 soedera
1275 1309 1364 1390 gesto

376 1418 515 1486 Pectore
531 1416 566 1484 in
584 1415 649 1486 hoc
667 1442 676 1484 :
694 1416 754 1485 ubi
770 1429 852 1484 tunc
868 1412 963 1502 fidei,
981 1417 1140 1510 pacisque
1156 1431 1329 1509 sequemm

376 1540 487 1607 Mater
504 1560 593 1625 eras,
610 1536 760 1632 pulchris
777 1560 882 1631 quum
897 1561 951 1605 me
968 1560 1036 1607 nox
1054 1551 1164 1607 vestra
1180 1554 1312 1609 morata
1328 1554 1370 1608 est

376 1657 558 1755 Hospitiisl
573 1682 694 1753 nmrpe
709 1657 781 1727 hnc
798 1658 905 1727 trahis
926 1656 969 1727 ad
986 1658 1189 1729 commercia
1206 1658 1343 1729 natum?

376 1784 452 1853 Duc
469 1780 563 1851 illum
582 1782 617 1851 in
639 1805 814 1875 campum,
833 1794 944 1850 vestro
961 1782 1019 1874 qui
1039 1782 1203 1877 sanguine
1218 1783 1350 1877 pinguis

376 1903 489 1999 Spirat
506 1901 633 1990 adhuc,
653 1902 856 1997 pinguisque
874 1926 974 1970 meo:
994 1917 1030 1971 tn
1050 1926 1152 1995 porro
1169 1904 1332 1996 sequeris,

375 2026 450 2094 Heu
470 2024 612 2092 nimium
631 2024 741 2106 mitis,
761 2023 968 2117 nimiumque
988 2021 1093 2093 oblite
1107 2020 1261 2093 tuorum!

374 2144 507 2215 Scilicet
525 2144 653 2215 infestae
670 2170 776 2240 quum
793 2158 826 2214 te
844 2144 971 2215 circum
989 2144 1139 2239 undique
1154 2145 1280 2217 dane

374 2266 562 2339 Nudabant
579 2291 693 2354 enses,
711 2266 783 2337 baec
798 2266 909 2355 flebit,
930 2282 965 2339 et
981 2292 1075 2336 arma
1089 2268 1286 2361 quiescent?

372 2392 464 2461 Tene
483 2388 557 2478 ille,
576 2390 641 2459 heu
660 2386 813 2480 demens,
836 2388 937 2459 semel
955 2391 1045 2459 intra
1064 2392 1188 2459 moenia
1204 2389 1366 2480 clausum,

372 2515 630 2606 Possessumque
647 2511 734 2582 odiis
752 2513 876 2606 Argiva
894 2514 930 2581 in
947 2527 1056 2582 castra
1072 2513 1243 2584 remittet?

372 2638 460 2704 Ante
478 2633 548 2702 haec
566 2657 705 2704 excusso
724 2632 912 2704 frondescet
931 2631 1047 2704 lancea
1062 2632 1170 2722 ferm,

371 2755 517 2826 Inachus
535 2771 613 2826 ante
634 2771 746 2846 retro,
767 2769 946 2849 nosterque
961 2753 1130 2825 Achelous
1148 2755 1302 2834 abibunt.

371 2877 437 2947 Sed
457 2859 537 2947 inite
556 2876 759 2972 alloquium,
776 2892 810 2948 et
827 2877 922 2966 saevis
940 2901 1005 2970 pax
1023 2879 1186 2972 queritur
1202 2887 1322 2954 armis:

371 3003 449 3068 Haec
466 3025 599 3094 quoque
619 3014 727 3070 castra
745 3013 883 3095 patent,
901 2999 1046 3072 necdum
1063 3027 1216 3076 meruere
1233 3009 1347 3083 timeri.

372 3122 424 3188 An
441 3134 613 3214 suspectus
632 3120 714 3215 ego?
732 3107 897 3205 abscedo,
919 3135 954 3191 et
970 3147 1043 3192 mea
1064 3123 1204 3196 vulnera
1223 3127 1322 3200 dono.

372 3241 494 3328 lntret,
513 3241 617 3310 ethic
635 3242 779 3338 genitrix
797 3241 934 3332 eadem,
952 3244 1135 3340 mediaeque
1154 3274 1295 3320 sorores.

370 3361 473 3456 Finge
491 3377 604 3434 autem
620 3364 725 3458 pactis
745 3365 891 3435 evictum
911 3367 1071 3437 excedere
1090 3372 1223 3465 regnis,

369 3481 501 3578 Nempe
520 3489 638 3557 iterum
657 3485 823 3556 reddesls
840 3489 973 3557 'Rursus
990 3503 1118 3560 mutata
1138 3491 1317 3562 trahuntur

367 3603 509 3699 Agmina
530 3601 701 3676 consiliis:
721 3608 834 3677 subito
851 3633 912 3678 ceu
933 3609 1067 3678 turbine
1086 3610 1160 3679 coeli

369 3727 499 3797 Obvius
517 3728 695 3799 adversum
711 3734 827 3799 Borea
843 3730 955 3800 Notus
973 3729 1112 3802 abstulit
1126 3759 1252 3828 aequor.

414 3853 517 3918 Arina
533 3853 672 3940 iterum,
690 3849 853 3945 furiaque
869 3850 1001 3947 placent
1019 3880 1027 3923 ε
1044 3853 1113 3924 fera
1126 3871 1258 3952 tempus
1269 3860 1392 3949 Erinnys

365 3971 509 4065 Arripit,
531 3987 564 4040 et
581 3973 697 4067 primae
717 3970 856 4042 molitur
870 3975 998 4044 semina
1017 4001 1149 4072 pugna.

415 4094 583 4164 Errabant
603 4097 743 4191 gemina·
761 4097 890 4166 Dircaea
908 4095 952 4166 ad
974 4095 1114 4168 flumina
1129 4101 1245 4196 tigres,
