2934 4950
62 463 158 522 llio-'ll-
341 467 555 526 TREBAIDOS
576 468 686 527 LIBER
708 468 746 526 Π.
1020 467 1094 520 211¹

61 592 175 686 Seniu,
189 616 289 685 quam
304 594 421 663 subter
439 595 571 689 campi,
590 593 782 686 devexaque
796 590 872 662 latis

60 715 127 779 lira
138 712 247 805 jacent
261 714 378 808 spatiis
393 740 402 784 τ
417 731 537 786 contra
556 717 749 810 importuna
769 711 905 807 crepido
963 693 966 698 ⁵

60 831 289 926 OEdipodioniae
307 835 428 906 domus
444 834 533 908 alitis
551 864 559 906 ε
576 839 632 908 hic
643 837 721 908 ¹lere
736 833 905 931 quondam

59 951 192 1024 Pallentes
210 971 320 1026 erecta
340 980 456 1060 genas,
474 958 665 1052 suffusaque
682 957 761 1028 tabo
891 935 894 940 ἱ

59 1073 192 1163 lumina,
210 1079 376 1148 concretis
392 1079 534 1149 infando
547 1082 710 1175 sanguiue
726 1078 850 1176 plumis

57 1194 211 1291 Reliquias
232 1199 385 1294 amplexa
401 1202 529 1292 virum,
549 1225 743 1298 semesaque
761 1201 859 1272 nudis

56 1317 224 1391 Pectoribus
243 1323 335 1391 stetit
355 1347 430 1392 ossa
449 1345 620 1416 premens,
639 1325 779 1418 visuque
794 1323 948 1392 frementi

56 1437 214 1511 sollustrat
228 1467 384 1539 campos,
404 1445 431 1514 si
448 1445 523 1538 quis
539 1468 741 1514 concunere
757 1443 854 1514 dictis

55 1560 160 1654 Hospes
177 1562 397 1660 inexplicitis,
415 1579 473 1636 aut
491 1555 644 1638 cominus
659 1566 708 1634 ire
721 1566 831 1635 viator

54 1680 174 1770 Audeat,
192 1699 227 1753 et
243 1682 334 1754 durae
352 1687 553 1756 commercia
566 1687 707 1781 jungere
726 1684 858 1779 linguae.

53 1802 107 1872 Nec
123 1831 231 1896 mora,
249 1809 331 1901 quin
350 1831 474 1878 acuens
493 1822 624 1882 exertos
643 1808 798 1903 protinus
818 1832 962 1904 ungues,
1035 1883 1036 1888 ἵ

28 1948 29 1953 ’
53 1924 253 2021 liventesque
270 1953 404 2017 manus,
425 1929 614 2023 fractosque
634 1929 669 1997 in
686 1926 825 1998 vulnere
845 1927 977 2012 dentes,

52 2045 184 2115 lern'bili
201 2045 367 2144 applausu
384 2051 510 2122 circum
529 2050 663 2145 hospita
681 2063 832 2144 surgeret
846 2074 916 2118 ora.

54 2165 86 2233 Et
98 2164 216 2238 latuere
235 2167 323 2255 doli,
342 2169 450 2244 donec
468 2168 510 2238 de
527 2194 610 2264 rupe
627 2184 784 2258 cruenta,

55 2284 125 2356 Heu!
143 2288 243 2359 simili
261 2288 424 2385 deprensa
440 2291 528 2377 viro,
545 2290 749 2360 cessantibus
765 2289 840 2378 alis,

55 2408 151 2479 Tristis
168 2407 369 2505 inexpletam
389 2407 714 2517 scopulis'allligeret
730 2409 854 2480 alvum.

54 2530 201 2601 llonstrat
219 2530 302 2602 silva
321 2530 432 2619 nefas,
450 2531 590 2601 horrent
608 2532 718 2601 vicina
732 2520 868 2624 juvenci

56 2652 211 2738 Gramina3
229 2652 394 2722 damnum
412 2650 548 2721 avidum
565 2674 665 2746 pecus
682 2652 827 2723 abstinet
843 2651 964 2721 herbis.
1065 2680 1067 2685 ·

55 2771 116 2839 Non
126 2772 302 2867 Dryadum
313 2773 423 2868 placet
436 2773 556 2843 umbra
569 2774 696 2863 choris,
710 2797 780 2843 non
794 2770 970 2843 commoda
981 2774 1085 2843 sacris

53 2892 244 2983 Faunorum,
262 2894 410 2987 diraque
427 2895 526 2964 etiam
546 2893 662 2989 fugere
679 2892 831 2964 volucres

52 3012 223 3107 Prodigiale
235 3025 370 3084 'nemus
390 3017 514 3085 Tacitis
531 3014 599 3085 huc
617 3014 784 3110 gressibus
800 3014 865 3082 acti

52 3133 232 3217 Dercniunt,
246 3136 397 3231 peritura
416 3136 552 3221 cohors,
570 3136 768 3229 hostemque
787 3133 984 3229 superbum,

53 3251 159 3323 hdnixi
170 3256 307 3350 jaculis,
325 3272 358 3325 et
374 3257 471 3325 humi
489 3257 597 3351 posita
613 3280 706 3325 arma
724 3269 876 3324 tenentes

53 3373 253 3468 Exspectant,
273 3375 440 3471 densaque
458 3401 576 3447 nemus
592 3376 736 3445 statione
752 3388 926 3445 coronant.

91 3498 241 3591 Coeperat
257 3498 411 3567 humenti
427 3498 591 3568 Phoebum
608 3496 782 3566 subtexere
799 3492 889 3591 palla

54 3614 130 3704 Nox,
149 3632 183 3686 et
202 3616 381 3688 coeruleam
399 3619 497 3687 terris
516 3616 684 3687 infuderat
700 3616 863 3687 umbram.

54 3731 102 3802 llle
113 3738 362 3834 propinquabat
376 3738 482 3827 silvis,
499 3753 533 3808 et
549 3738 592 3807 ab
608 3762 730 3834 aggere
745 3734 832 3807 celso

54 3856 140 3927 Scuta
154 3860 283 3945 virum,
301 3856 478 3954 galeasque
497 3860 587 3930 videt
606 3857 745 3929 rutilare
763 3873 948 3943 comantes,

53 3975 120 4063 Qua
134 3977 251 4049 laxant
264 3982 349 4052 rami
365 4006 501 4068 nemus,
517 3980 721 4075 adversaque
739 3980 801 4049 sub
820 3981 940 4051 umbra

53 4095 230 4174 Flammeus
244 4103 352 4171 eratis
370 4104 474 4173 Lunae
491 4118 618 4172 tremor
633 4117 722 4173 errat
739 4104 773 4171 in
795 4103 906 4172 armis.

883 4226 935 4307 ιΔ.
1040 4224 1043 4235 ’
