2934 4950
390 522 447 581 aad
705 517 920 574 THEBstnos
941 516 1054 574 LIBER
1076 515 1126 572 111.
1325 516 1422 574 (rest.)

388 651 507 740 Quum
526 652 643 719 Venus
661 662 740 716 ante
757 648 846 743 ipsos
865 644 958 716 nulla
977 645 1155 716 formidine
1172 668 1322 740 gressum

388 774 477 868 Figit
495 796 622 866 equos:
641 794 768 840 cessere
787 783 892 857 retro,
911 769 1115 864 jamjamque
1133 767 1280 862 rigentes

387 891 593 989 Suppliciter
612 917 754 987 posuere
769 891 868 986 jubas
886 918 894 958 :
915 905 995 960 tune
1013 904 1151 984 pectora
1166 912 1301 958 summo

387 1013 561 1084 Acelinata
576 1016 680 1110 jugo,
701 1013 899 1108 wltumque
917 1013 1054 1107 obliqua
1071 1011 1279 1094 madentem,

385 1137 535 1232 Incipit:
556 1137 704 1234 (interea
724 1137 868 1208 dominas
886 1137 1024 1233 vestigia
1042 1137 1139 1230 juxta

283 1261 288 1268 ’
386 1260 606 1353 Spumantem
623 1258 722 1355 proni
742 1258 908 1329 mandunt
924 1257 1101 1326 adamanta
1117 1254 1267 1352 jugales)

434 1380 554 1452 «Bella
572 1383 674 1451 etiam
693 1383 727 1450 in
745 1381 892 1470 Thebas,
912 1405 1047 1451 socero
1064 1377 1308 1474 pulcherrime,
1326 1375 1403 1447 bella

384 1506 462 1598 Ipse
481 1529 596 1598 paras,
615 1504 771 1598 ferroque
791 1519 865 1575 tuos
884 1500 1019 1572 abolere
1035 1498 1194 1596 nepotes?

387 1626 455 1695 Nee
478 1650 583 1721 genus
602 1626 816 1713 Hermiones,
835 1639 946 1694 necte
967 1622 1137 1694 connubia
1152 1622 1238 1692 coelo

385 1751 498 1833 Festa,
513 1772 576 1816 nee
592 1748 643 1816 hee
655 1747 840 1842 quidquam
850 1745 1020 1842 lacrymae,
1031 1745 1225 1835 furibunde,
1241 1741 1422 1814 morantur?

386 1869 547 1936 Criminis
566 1866 636 1936 haec
656 1867 804 1938 merces?
822 1869 885 1937 hoc
903 1867 1007 1952 lama,
1024 1865 1201 1961 pudorque
1220 1863 1370 1936 relictus?

383 1993 457 2058 Hoc
477 1988 561 2058 mihi
574 1991 760 2059 Lemniacae
777 1989 819 2058 de
838 2003 872 2058 te
890 2012 1042 2058 meruere
1060 1984 1209 2057 catenae?

383 2112 489 2206 Perge
509 2109 617 2180 libens
636 2138 644 2178 :
667 2125 703 2180 at
723 2135 792 2180 non
809 2111 926 2182 eadem
946 2109 1111 2214 Vulcania
1130 2109 1227 2178 nobis

385 2233 570 2328 Obsequia,
591 2248 627 2302 et
645 2230 712 2303 laesi
728 2234 832 2303 servit
851 2249 965 2305 tamen
984 2236 1033 2302 ira
1053 2233 1174 2304 mariti.

383 2351 484 2421 Illum
505 2376 567 2448 ego
583 2356 754 2448 perpetuis
773 2355 856 2424 mihi
875 2353 1038 2424 desudare
1058 2355 1197 2424 caminis

384 2476 420 2545 Si
435 2476 593 2569 jubeam,
612 2474 798 2571 vigilesque
819 2480 913 2571 operi
934 2478 1160 2547 transmittere
1179 2490 1314 2567 noctes,

383 2596 560 2687 Gaudeat,
580 2615 789 2693 ornatusque
808 2625 931 2689 novos,
950 2601 1081 2695 ipsique
1102 2598 1232 2669 laboret

382 2723 486 2789 Arma
504 2720 594 2789 tibi:
616 2718 708 2789 tul...
730 2720 789 2790 sed
807 2720 965 2816 scopulos
981 2736 1015 2791 et
1035 2723 1142 2791 ahena
1163 2720 1334 2816 precando

381 2839 532 2910 Flectere
549 2839 652 2911 eorda
668 2865 774 2935 paro:
794 2840 902 2911 solum
924 2843 987 2913 hoc
1004 2858 1115 2912 tamen
1135 2842 1249 2931 anxia,
1271 2841 1376 2913 solum

382 2965 556 3050 Obtestor,
572 2963 655 3057 quid
670 2988 724 3033 me
745 2965 846 3057 Tyrio
863 2965 989 3061 sociare
1006 2965 1129 3035 marito

380 3088 581 3181 Progeniem
597 3110 729 3173 caram,
748 3086 969 3182 infaustisque
989 3086 1092 3157 dahas
1113 3088 1326 3183 Hymenaeis?

380 3200 472 3277 Dum
489 3207 562 3276 fore
580 3207 755 3305 praeclaros
771 3210 894 3298 armis,
913 3224 948 3279 et
967 3208 1078 3278 vivida
1093 3209 1193 3279 rebus
1234 3244 1240 3263 ·

381 3332 521 3398 Pectora
537 3330 672 3425 vipereo
687 3332 806 3426 Tyrios
828 3330 870 3400 de
889 3330 1052 3426 sanguine
1068 3330 1190 3425 jactas,

381 3452 641 3545 Demissumque
657 3454 749 3521 Jovis
765 3454 849 3523 serie
869 3476 997 3549 genus:
1012 3447 1069 3522 ah!
1091 3476 1163 3522 mea
1182 3470 1313 3548 quanto

381 3572 536 3642 Sithonia
557 3570 691 3643 mallem
712 3576 882 3669 nupsisset
903 3576 997 3669 virgo
1018 3574 1079 3643 sub
1099 3577 1202 3644 Arcto

379 3694 488 3763 Trans
508 3696 670 3783 Boream,
688 3696 902 3790 Thracasque
918 3710 995 3764 tuos
1009 3722 1017 3765 :
1033 3694 1171 3790 indigna
1188 3720 1349 3789 parumne

380 3814 607 3885 Pertulimus?
626 3814 711 3885 divae
727 3818 869 3887 Veneris
886 3816 978 3912 quod
994 3813 1065 3886 filia
1083 3815 1222 3912 longum

379 3940 517 4031 Reptat,
538 3952 572 4007 et
590 3936 742 4033 illyricas
762 3938 881 4033 ejectat
902 3938 993 4009 virus
1011 3939 1047 4007 in
1064 3936 1210 4009 herhas?

381 4059 482 4126 Nunc
497 4073 630 4153 gentem
646 4056 1103 4156 immeritaml..uLaerymes
1114 4085 1183 4132 non
1193 4060 1415 4156 pertulitnltu

380 4176 610 4273 Bellipotens:
629 4181 760 4251 hastam
778 4178 860 4251 laeva
880 4184 1079 4267 transumit,
1099 4197 1134 4251 et
1150 4180 1220 4252 alto
