2934 4950
392 400 445 462 aad
678 396 902 455 anmantuus
923 397 1036 455 LIBER
1049 398 1127 454 vm.
1312 393 1401 460 (*·²3⁵·l

388 518 584 611 Connubia,
602 536 634 590 et
652 521 757 591 multa
777 521 953 592 deductam
969 521 1121 617 lampade
1138 521 1279 592 fratrum

388 641 593 709 Harmonien
619 658 628 710 ἐ
647 642 812 737 nullisque
832 642 922 713 deest
940 669 1000 713 sua
1015 644 1129 714 fabula
1146 646 1279 713 mensis.

388 762 458 830 Ceu
472 761 573 830 modo
591 764 829 863 gemmiferum*
839 765 954 858 thyrso
970 763 1149 861 populatus
1165 764 1355 859 Hydaspen,

387 884 539 977 ansque
555 883 693 971 domos,
712 885 800 981 nigri
817 884 937 955 vexilla
949 887 1112 982 triumphi

386 1001 500 1091 Liber,
518 1018 552 1073 et
567 1005 699 1099 ignotos
712 1004 844 1101 populis
859 1006 1049 1077 ostenderet
1058 1006 1170 1077 Indos.

434 1124 521 1192 Tum
541 1125 686 1218 primum
702 1126 746 1194 ad
762 1140 883 1213 coetus,
900 1125 1061 1222 sociaque
1083 1128 1127 1197 ad
1145 1126 1270 1197 foedera
1285 1150 1401 1210 meme,

388 1244 525 1338 Semper
541 1244 784 1339 inadspectum,
805 1240 944 1342 diraque
961 1251 996 1317 in
1015 1248 1094 1319 sede
1110 1247 1287 1336 latentem,

387 1362 589 1459 OEdipoden
606 1367 710 1436 exisse
727 1367 840 1437 ferunt
850 1420 868 1456 ,.
878 1368 1040 1465 vultuque
1053 1396 1170 1440 sereno

387 1484 551 1555 Canitiem
568 1487 698 1581 nigram
712 1487 882 1582 squalore,
899 1506 933 1559 et
945 1490 1081 1561 sordida
1092 1492 1175 1563 fissis

387 1605 458 1675 Ora
476 1607 580 1675 comis
598 1605 724 1679 laxasse
743 1632 861 1697 manu,
877 1612 1069 1707 sociumque
1084 1598 1247 1710 benignos

386 1722 530 1813 affatus,
547 1740 581 1796 et
598 1727 714 1798 abacta
732 1730 826 1824 prius
842 1730 960 1800 solatia
977 1757 1131 1827 passum:

387 1845 479 1933 Quin
495 1846 642 1917 hausisse
657 1849 774 1946 dapes,
792 1851 1052 1948 insiccatumque
1065 1878 1218 1925 cruorem

387 1966 554 2058 Dejecisse
571 1970 662 2063 genis
679 1996 687 2039 :
702 1985 840 2041 cunctos
856 1973 1032 2068 auditque,
1048 1964 1232 2071 refertque,

388 2086 457 2174 Qui
473 2087 585 2157 Ditem
594 2136 613 2179 ,-
625 2104 658 2159 et
676 2093 792 2162 Furias
807 2105 960 2185 tantum,
979 2111 1014 2165 et
1030 2098 1057 2165 si
1073 2097 1210 2192 quando
1228 2114 1384 2194 regentem
1435 2127 1436 2130 ¹

386 2207 593 2302 Antigonen,
611 2213 737 2281 moestis
753 2212 869 2284 solitus
885 2215 1018 2311 pulsare
1033 2217 1188 2312 querelis.

386 2327 496 2396 Causa
514 2325 617 2401 latet:
637 2356 705 2400 non
723 2332 813 2403 hunc
830 2338 922 2430 Tyrii
942 2338 1010 2407 fors
1028 2362 1187 2433 prospera
1203 2340 1299 2428 belli3

321 2483 326 2494 ι
385 2448 530 2536 Tantum
548 2448 635 2548 bella
645 2452 767 2546 juvant
782 2471 930 2531 :natum
948 2458 1382 2559 hortaturque,probatquc,

385 2569 458 2640 Nec
474 2571 591 2641 vicisse
605 2571 704 2662 velit3
724 2577 783 2646 sed
800 2578 924 2673 primos
944 2583 1095 2652 cominus
1111 2607 1205 2654 enses

384 2689 431 2757 Et
450 2688 611 2766 scelerum
626 2695 727 2764 tacito
746 2699 887 2779 rimatur
902 2703 1028 2772 semina
1042 2718 1133 2775 voto.
1217 2731 1220 2737 ·

384 2808 466 2878 Inde
485 2810 590 2905 epulae
606 2813 738 2905 dulces,
757 2819 937 2914 ignotaque
952 2823 1076 2918 gaudia
1091 2822 1197 2894 vultu.

385 2927 502 3017 Qualis
520 2946 595 3028 post
614 2931 721 3030 long-te
739 2937 884 3010 Phineus
900 2943 1029 3036 jejunia
1045 2970 1169 3039 poenae,

384 3048 443 3120 Nil
462 3051 601 3122 stridere
619 3055 710 3124 domi
729 3056 880 3160 volucres
897 3077 937 3132 ut
954 3066 1056 3134 sensit
1069 3067 1220 3156 abactas,

383 3169 535 3241 Necdum
556 3188 628 3244 tota
646 3175 747 3267 fides,
764 3179 898 3270 hilaris,
918 3209 1135 3281 mensasque,
1148 3203 1317 3285 torosque,

383 3290 454 3360 Neo
470 3292 604 3363 turbata
620 3294 698 3366 feris
718 3303 872 3372 tractavit
891 3302 1010 3398 pocula
1026 3308 1153 3401 pennis.

431 3413 551 3482 Cetera
567 3417 749 3490 Graiorum
764 3423 853 3492 curis
868 3425 1034 3520 armisque
1047 3430 1180 3522 jaoebat

382 3534 478 3600 Fessa
498 3533 641 3606 cohors:
659 3537 726 3609 alto
744 3555 927 3613 castrorum
946 3571 987 3616 er
1007 3573 1128 3644 aggere
1142 3550 1300 3621 Adrastus

381 3652 544 3724 Laetifioos
563 3658 655 3727 tenui
673 3662 829 3756 captabat
845 3665 947 3736 corde
966 3669 1143 3761 tumultus,

383 3771 585 3866 Quanquam
604 3802 692 3873 aeger
710 3783 802 3852 senio
817 3758 830 3851 e¹
841 3784 900 3854 sed
917 3789 987 3883 agit
1004 3792 1191 3863 miseranda
1206 3808 1341 3889 potestas

381 3890 559 3988 Invigilare
579 3897 698 3968 malis:
717 3901 811 3973 illum
827 3929 930 3978 aereus
952 3910 1099 4006 undique
1116 3913 1243 3985 clamor

284 4051 288 4059 ·
381 4011 598 4110 Thebanique
615 4037 718 4092 urunt
734 4028 883 4117 sonitus,
904 4045 937 4098 et
954 4055 1067 4110 amara
1085 4035 1214 4106 lacessit
