2934 4950
362 473 419 513 aoo
677 453 891 512 annuamus
912 451 1023 508 LIBER
1044 451 1082 506 11.
1289 447 1319 510 (r.
1332 447 1389 506 ἰπὶ)

366 608 369 612 ·
409 579 611 668 Audierant3
628 582 778 676 fixosque
794 579 909 652 oeulos
927 605 987 675 per
1002 575 1121 649 m'utua
1140 573 1289 670 paullum
1315 585 1318 590 '

362 706 433 773 Ora
449 717 583 793 tenent,
600 703 728 796 visique
745 703 833 771 inter
852 726 922 771 sese
932 697 1166 770 ordinedandi

362 821 490 894 Cedere
508 850 517 893 ε
535 821 741 922 sedeunctis
758 822 889 916 Tydeus
904 819 1080 890 audentior
1096 820 1177 888 actis

360 945 509 1037 Incipit:
527 947 588 1014 «Ο
604 967 706 1037 quam
724 957 758 1012 te
775 965 916 1038 parcum
933 943 969 1011 in
987 941 1153 1036 praeconia
1171 939 1268 1008 famae

361 1065 459 1134 Mens
478 1063 583 1160 agitat
600 1078 732 1133 matura
749 1077 835 1149 tuae,
853 1063 1083 1158 quantumque
1093 1061 1265 1130 -serentem

363 1190 548 1257 Fortunam
566 1185 693 1254 virtute
709 1180 841 1253 domas!
859 1185 914 1253 cui
933 1183 1030 1254 cedat
1046 1181 1208 1254 Adrastus

363 1305 537 1400 Imperiis?
555 1306 631 1402 quis
652 1317 685 1374 te
706 1301 791 1375 solio
810 1305 960 1400 Sicyonis
979 1306 1074 1373 avitas
1185 1341 1189 1352 ·

298 1436 303 1448 '
361 1427 518 1496 Excitum
536 1426 684 1497 infrenos
700 1449 902 1520 componere
919 1422 1048 1521 legibus
1064 1429 1173 1521 Argos

362 1547 520 1618 Nesciat?
537 1562 637 1642 atque
660 1548 787 1618 utinam
809 1546 860 1616 his
884 1547 1040 1616 manibus
1059 1547 1252 1644 permittere
1273 1559 1389 1641 gentes,

362 1669 642 1767 luppiterssaeque,
660 1666 762 1758 velis,
781 1692 866 1766 quas
879 1670 1025 1740 Doricus
1044 1665 1159 1763 alligat
1178 1667 1277 1766 undis
1317 1687 1321 1694 ’

345 1793 527 1878 ‘Isthmum
545 1804 580 1861 et
596 1787 728 1862 alterno
748 1817 830 1886 quas
847 1789 997 1886 margine
1016 1789 1191 1860 submovet
1207 1786 1310 1858 infra!

363 1915 445 1986 Non
464 1912 594 2009 sugeret
610 1911 699 1982 diras
716 1910 776 1982 lux
790 1912 947 1982 intercisa
965 1913 1142 2006 Mycenas,
1196 1953 1200 1958 ·
1297 1981 1300 1988 ,

364 2037 457 2105 Sava
472 2059 534 2104 nec
550 2032 637 2104 Eleae
653 2047 826 2132 gemerent
848 2034 1030 2104 certamina
1046 2031 1163 2120 valles,

362 2155 631 2250 Eumenidesque
649 2155 724 2226 aliis
742 2154 813 2226 alie
830 2153 894 2225 sub
910 2154 1062 2250 regibus,
1081 2169 1115 2222 et
1133 2179 1219 2248 quae⁴

365 2277 418 2344 Tu
438 2276 565 2372 potior,
581 2277 756 2374 Thebane,
773 2278 893 2371 queri:
914 2300 975 2346 nos
988 2299 1076 2344 aero
1088 2273 1263 2364 'volentes,

364 2397 583 2496 Expositique
599 2399 756 2470 animis.»
769 2399 834 2468 :Sic
850 2396 1041 2486 interfatus,
1052 2411 1093 2468 et
1108 2395 1195 2472 alter
1221 2429 1223 2436 >

365 2522 507 2616 subjicit
524 2548 533 2593 :
549 2527 670 2595 «Anne
688 2518 810 2616 aiiquis
831 2543 962 2589 soceros
982 2519 1140 2591 accedere
1158 2520 1241 2591 tales

365 2641 525 2712 abnuat?
543 2641 713 2713 exsulibus
734 2666 928 2737 quanquam
945 2642 1119 2737 patriaque
1139 2639 1262 2737 sugatis

365 2761 529 2835 Nondum
546 2761 622 2833 iaeta
642 2763 774 2854 Venus,
794 2779 905 2833 tamen
920 2763 1030 2833 omnis
1049 2762 1151 2841 eorde
1169 2762 1290 2833 resedit

365 2884 532 2975 Tristitia,
552 2884 709 2979 affixique
727 2884 840 2954 auimo
861 2908 990 2954 cessere
1007 2882 1162 2959 dolores,
1232 2956 1234 2963 ,
1268 2926 1272 2935 ·

366 3003 438 3075 Nee
452 3006 564 3074 minus
584 3005 656 3075 haec
672 3004 740 3076 laeti
759 3008 921 3078 trahimus
937 3003 1071 3095 solatia,
1088 3027 1190 3097 quam
1212 3008 1241 3075 si

365 3126 532 3221 Praecipiti
548 3125 708 3201 consum
728 3130 839 3217 Noto,
857 3142 1047 3224 prospectet
1063 3127 1203 3199 amicam
1226 3167 1230 3175 »

366 3247 493 3344 Puppis
512 3248 655 3319 humum
672 3275 681 3319 s
695 3252 793 3345 juvat
809 3251 977 3345 ingressos
996 3248 1106 3321 felicia
1124 3252 1220 3346 regni

368 3370 507 3460 Omina,
524 3369 616 3465 quod
636 3385 788 3467 superest
805 3358 865 3440 fati
884 3373 1028 3466 vitaque
1043 3370 1198 3441 laborum

367 3492 518 3561 Fortuna
538 3492 684 3561 transire
698 3507 767 3562 tua.
780 3522 800 3557 s
816 3495 888 3563 Nec
905 3492 1002 3588 plura
1021 3496 1161 3583 morati,
1180 3538 1185 3545 -

367 3612 604 3706 Consurgunt;
619 3610 716 3683 dictis
736 3614 919 3710 impensius
938 3631 1076 3711 aggerat
1095 3641 1196 3686 omne

366 3732 573 3801 Promissum
593 3732 752 3804 Inachius
771 3748 878 3830 pater,
893 3732 1085 3831 auxilioque
1101 3736 1253 3808 futurum

367 3854 411 3921 Et
428 3853 545 3948 patriis
558 3852 700 3949 spondet
720 3853 859 3926 reduces
877 3856 1036 3927 inducere
1055 3860 1177 3954 regnis.
1245 3900 1252 3911 ·

416 3978 506 4069 Ergo
523 3954 648 4047 alacres
668 3977 767 4073 Argi,
785 3977 860 4048 fuso
880 4003 1023 4049 rumore-
1036 4004 1097 4073 per
1117 3978 1233 4047 urbem

369 4094 548 4166 Advenisse
565 4095 643 4167 duci
658 4123 817 4193 generos,
839 4101 1023 4194 primisque
1042 4100 1229 4195 Hymenaeis
1269 4072 1273 4085 Δ
