2934 4950
384 430 439 487 ¹36
679 398 894 491 mutuos
913 430 1024 489 umas
1046 431 1128 485 vm.
1307 430 1394 490 taut]

380 553 536 625 Caedihus
555 552 702 627 imbelles
721 557 863 647 vitulos,
882 556 1064 651 mollesque
1079 556 1238 649 juvencas

377 678 589 747 Transmittit
607 704 615 745 :
638 702 760 778 magno
778 678 873 749 furor
889 693 940 747 est
957 679 993 747 in
1011 678 1175 771 sanguine
1191 676 1314 767 mergi,

377 800 450 871 Nec
467 800 531 869 uisi
551 802 719 895 regnantis
737 801 865 869 cervice
882 800 1076 869 recumbere
1094 801 1192 867 tauri.

371 988 374 997 ,
427 922 473 989 At
491 946 559 989 non
581 921 767 990 semianimi
785 919 933 991 clamore
950 922 1122 989 Menoecea
1140 917 1252 1012 lapsus

378 1037 477 1109 Fallit
494 1044 576 1135 Atys
595 1067 603 1109 ε
624 1042 795 1135 praevertit
812 1060 1122 1135 equos,·curruque
1142 1041 1244 1107 citato

378 1159 500 1231 Desilit
518 1188 526 1229 :
546 1162 691 1231 instabat
707 1161 813 1256 pubes
830 1166 969 1257 Tegeaea
984 1162 1126 1257 jacenti,

376 1284 449 1355 Nec
466 1282 649 1377 prohibent
666 1284 768 1378 Tyrii.
792 1282 968 1367 «Pudeat,
988 1280 1136 1352 Cadmca
1150 1282 1325 1375 juventus,

377 1406 575 1501 Terrigenas
593 1407 732 1475 mentita
751 1400 879 1500 patres!
900 1428 970 1499 quo
988 1403 1141 1492 tenditis,
1163 1403 1288 1496 inquit,

376 1524 588 1621 Degeneres?
605 1525 768 1595 meliusne
782 1527 871 1620 jacet
886 1552 949 1621 pro
965 1526 1125 1620 sanguiue
1143 1539 1259 1593 nostro

376 1648 507 1739 Hospes
527 1647 633 1742 Atys?
653 1662 784 1717 tantum
803 1648 924 1743 hospes
943 1646 1070 1734 adhuc,
1090 1660 1124 1715 et
1140 1646 1291 1740 conjugis
1310 1642 1386 1713 ultor

375 1765 496 1836 infelix
513 1766 665 1839 nondum
683 1771 747 1839 iste
764 1794 831 1839 suaa
849 1795 856 1837 :
876 1794 938 1838 nos
954 1770 1208 1864 pignora‘tanta
1278 1787 1281 1794 ·
1434 1761 1435 1776 ¹

375 1887 574 1958 Prodimus?
586 1918 603 1953 »
622 1890 801 1985 insurgrmt
813 1891 906 1984 justo
923 1888 1054 1958 firmata
1071 1887 1201 1982 pudore

376 2010 542 2103 Agmina3
558 2011 678 2103 cuique
693 2036 761 2079 suae
779 2010 907 2083 rediere
925 2012 959 2079 in
978 2024 1114 2104 pectora
1130 2034 1228 2078 curae.

424 2132 557 2200 Interea
577 2130 712 2201 thalami
732 2147 861 2202 secreta
878 2134 913 2200 in
930 2146 1027 2225 parte
1048 2156 1197 2217 sorores,

374 2253 440 2320 Par
459 2250 550 2321 aliud
570 2277 724 2339 morum,
746 2254 925 2347 miserique
943 2254 1080 2321 innoxia
1099 2250 1210 2346 proles

375 2372 582 2468 OEdipodae,
602 2376 711 2444 varias
733 2376 875 2445 miscent
892 2399 1046 2444 sermone
1064 2370 1227 2468 querelas.

329 2513 335 2521 “
373 2495 445 2564 Nec
465 2492 553 2564 mala
572 2521 645 2590 quae
659 2499 779 2591 juxta,
800 2498 859 2567 sed
878 2494 978 2591 longa
999 2497 1041 2564 ab
1061 2499 1191 2592 origine
1212 2495 1293 2580 fati,

373 2617 453 2685 Haec
471 2619 587 2687 matris
608 2618 728 2706 taedas,
747 2618 863 2688 oculos
880 2633 931 2687 ast
949 2615 1006 2688 illa
1025 2634 1200 2712 paternos,

372 2734 486 2806 Altera
501 2754 718 2834 regnantem,
739 2739 921 2835 profugum
937 2742 1039 2835 gemit
1056 2738 1160 2809 altera
1175 2741 1328 2826 fratrem,

373 2854 465 2927 Bella
485 2858 590 2928 amba
605 2885 613 2928 ε
631 2861 742 2956 gravis
758 2861 839 2929 hinc
858 2862 971 2930 miseri
987 2863 1157 2930 cunctatio
1174 2864 1255 2930 voti.

372 2979 477 3050 Nutat
495 2995 638 3074 utroque
660 2982 777 3069 timor,
796 2983 1060 3076 quemnam‘hoc
1077 2984 1259 3053 certamine
1275 2985 1396 3056 victum,

372 3100 483 3190 Quem
501 3103 617 3171 vicisse
634 3101 767 3171 velint:
785 3104 886 3172 tacite
904 3081 1137 3198 preponderat
1153 3103 1258 3173 exsul.

421 3222 476 3290 Sic
496 3221 688 3291 Pandionia
708 3237 866 3317 repetunt
887 3222 944 3292 ubi
961 3221 1026 3291 fida
1047 3223 1201 3294 volucres

372 3344 545 3438 Hospitis,
565 3359 667 3437 atque
686 3343 790 3414 larem
807 3345 929 3413 bruma
947 3343 1101 3439 pulsante
1118 3344 1289 3429 relictum,

294 3471 297 3478 “
372 3465 536 3557 Stantquc
555 3489 655 3559 super
672 3465 786 3554 nidos,
808 3467 995 3560 veterisque
1014 3465 1152 3536 exordia
1171 3467 1230 3537 fati

372 3587 542 3654 Enarrant
557 3587 670 3674 tectis,
691 3601 724 3656 et
742 3603 900 3656 truncum
919 3611 958 3657 ac
975 3586 1083 3657 flebile
1100 3614 1255 3658 murmur

371 3705 485 3776 Verba
500 3720 640 3800 putant;
657 3731 789 3801 voxque
804 3704 863 3776 illa
882 3723 995 3778 tamen
1014 3734 1082 3779 non
1099 3708 1235 3780 dissona
1249 3709 1355 3778 verbis.

421 3830 531 3920 Atque
552 3827 598 3895 ihi
614 3844 689 3922 post
704 3827 885 3922 lacrymas,
901 3843 935 3898 et
952 3827 1055 3924 longa
1072 3829 1201 3900 silentia
1219 3853 1325 3900 rursus

371 3949 513 4018 Inchoat
529 3951 659 4020 Ismene
677 3975 684 4018 :
704 3951 896 4040 «Quisnam
914 3950 969 4019 hic
988 3950 1186 4021 mortalibus
1203 3950 1309 4022 error?

372 4073 456 4157 Quae
476 4071 613 4142 decanta
633 4070 737 4142 fides?
755 4097 870 4142 curam
890 4071 1065 4167 invigilare
1086 4075 1209 4166 quieti,
