2934 4950
322 493 365 548 IN
384 493 416 548 P.
437 493 468 547 P.
491 493 619 548 STATII
639 492 747 548 THEB.
769 493 839 548 LlB.
862 493 909 548 II.v
1075 496 1128 549 301

91 609 245 666 videndum.
264 608 323 666 Sed
337 610 404 666 edd.
419 617 448 666 et
464 609 598 665 codicum
611 628 747 669 numerus
764 612 849 686 longe
863 609 957 682 major
969 619 998 667 et
1011 610 1111 666 melior
1126 631 1133 664 z

90 704 224 771 trementi,
247 703 332 778 qnod
349 703 386 760 de
400 703 558 778 cupiditate
575 703 706 778 inquieta
718 703 917 778 accipiendum
934 703 992 760 esse
1009 703 1132 760 videtur.

92 797 232 853 Jortinus:
249 808 409 854 trementes.

127 889 259 945 Chthonii
274 885 409 968 (nost).
427 891 509 948 MSS.
529 909 627 947 omnes
643 890 757 947 Chmmi
771 893 818 948 vel
837 891 965 960 Chronii5
980 891 1029 948 sed
1044 891 1133 947 usita-

89 993 143 1037 tum
157 982 238 1058 apud
251 984 406 1040 Thebanos
418 1003 525 1041 nomen
540 985 609 1041 inde
619 984 655 1041 ab
669 986 772 1058 Sparta
789 985 935 1042 Chthouio
951 995 1011 1041 crat
1023 995 1133 1056 Χθόνιος,

89 1095 141 1148 quo
152 1076 261 1134 Statius
275 1077 378 1152 sapius
391 1077 490 1134 utitur.
508 1082 604 1150 Quare
620 1077 796 1135 aGronovio
811 1079 895 1134 etiam
906 1079 953 1135 hic
966 1078 1132 1153 repositum.

89 1169 160 1225 ldem
173 1172 281 1226 Noster
297 1170 373 1227 infra
385 1189 427 1242 11,
445 1189 514 1242 170,
527 1171 559 1228 in
575 1172 743 1228 melioribus
757 1171 843 1228 codd.
858 1173 993 1228 scribitur
1006 1173 1132 1240 thonius,

88 1263 114 1316 in
132 1265 201 1340 aeg.
217 1282 235 1320 a
253 1265 329 1320 clare
341 1265 499 1320 elimoniis.

126 1345 289 1413 Ue'clousas
302 1359 438 1434 indagine
452 1354 490 1436 (r.
507 1357 564 1417 553
578 1357 641 1438 sq.).
655 1363 733 1416 Bene
749 1361 912 1417 Lactantius
927 1380 933 1414 :
948 1361 1036 1414 «Haec
1050 1377 1143 1415 com-¹

88 1451 193 1524 paratio
209 1451 248 1508 ad
267 1451 416 1528 superiora
434 1452 586 1510 reserenda
598 1465 649 1509 est.
662 1452 741 1509 Dicit
754 1454 830 1510 enim
843 1453 882 1510 sic
896 1452 960 1508 illos
974 1462 1023 1508 aut
1036 1452 1073 1508 de
1085 1453 1135 1525 ju-

88 1545 125 1618 gis
139 1544 297 1619 prodiisse,
319 1555 370 1602 aut
387 1545 424 1601 de
442 1545 581 1615 vallibus,
601 1545 845 1620 quemadmodum
865 1545 902 1602 de
925 1544 1032 1601 retibus
1051 1545 1134 1616 fera,

89 1656 153 1712 quas
164 1639 195 1693 in
203 1638 331 1695 medimn
343 1657 403 1695 vox
414 1640 580 1695 venantium
595 1651 623 1695 et
632 1642 744 1706 ,clamor
757 1640 881 1714 expellit.
891 1639 1056 1696 Tuncenim
1068 1639 1135 1694 licet

88 1731 152 1788 scire
169 1751 257 1806 qnam
269 1733 366 1788 multa
378 1730 450 1804 sint,
465 1751 557 1807 quum
571 1745 681 1791 terrore
695 1735 827 1792 clamoris
839 1745 943 1790 coacta
957 1732 1063 1788 fuerint
1074 1751 1135 1786 nou

88 1826 177 1882 latere.
186 1828 238 1883 &t
249 1845 320 1903 ergo
334 1826 408 1883 ordo
419 1827 483 1883 :Sic
496 1827 561 1883 illos
575 1847 725 1885 excursare
740 1847 757 1885 e
770 1828 886 1884 latebris
899 1827 992 1898 videt,
1007 1838 1039 1882 ut
1052 1827 1133 1881 clau-

88 1938 126 1975 sas
147 1920 281 1998 indagine
298 1921 373 1977 seras
388 1939 447 1977 vox
464 1921 558 1996 prima
575 1921 606 1977 in
621 1922 747 1978 medium
766 1923 885 1997 profert.
908 1923 1019 1996 Indogo
1040 1930 1135 1976 autem

88 2024 138 2084 est,
154 2033 245 2088 quum
263 2013 363 2071 silvam
374 2015 541 2072 venantium
554 2033 663 2072 corona
678 2018 781 2087 vallat,
799 2027 832 2072 ut
848 2018 914 2073 ferae
936 2013 1056 2072 evadere
1074 2033 1135 2070 non

88 2107 197 2179 possint.
208 2131 221 2158 ι
240 2107 324 2164 Idem
343 2109 441 2183 paullo
463 2119 529 2165 ante
546 2110 623 2164 deire
640 2129 697 2185 pro
717 2111 851 2185 prvelim
874 2121 940 2183 post
961 2119 1056 2164 autem
1077 2105 1134 2163 556

90 2199 168 2256 codd
181 2201 279 2257 Barth.
293 2210 323 2257 et
334 2202 452 2258 Taurin.
467 2202 600 2257 abrensis
606 2221 663 2276 pro
675 2203 812 2268 abscisis,
829 2202 872 2259 rei
884 2201 1107 2258 convenientius.

129 2295 212 2366 Quod
222 2295 271 2349 oia
278 2297 372 2370 plena
390 2297 495 2352 cervice
510 2292 548 2374 (v.
564 2296 623 2370 559
632 2294 696 2374 sq.).
709 2295 843 2352 Barthius
862 2296 967 2351 frustra
981 2313 1133 2352 numerum

93 2387 266 2444 desiderabat
279 2399 309 2445 et
318 2407 372 2444 sex
381 2389 598 2446 correxitevc'sr.
613 2390 769 2464 Comparat
781 2390 842 2464 ipse
849 2389 991 2445 Lucilium
1003 2389 1078 2445 libro
1089 2406 1133 2442 vr:

187 2534 268 2594 Quem
280 2546 361 2597 neque
371 2528 473 2579 Lucanis
486 2530 585 2581 oriundi
598 2531 717 2581 montibu'
731 2530 795 2581 tauri

184 2611 386 2681 Duoese‘protelo
401 2612 484 2663 validis
495 2614 624 2665 ceruicibu’
639 2624 744 2682 possent.

125 2763 271 2837 Tergoque
279 2772 308 2816 et
319 2758 424 2816 uertice
437 2740 558 2834 tegimine
571 2773 636 2816 noto
647 2762 751 2837 Septus
759 2758 798 2839 (v.
810 2758 888 2837 583).
899 2760 1047 2835 Inele'guus
1056 2758 1111 2815 hoc
1122 2780 1129 2813 ι

89 2854 264 2911 scribendum
279 2863 339 2911 erat
353 2870 391 2909 ex
403 2854 520 2928 optimis
532 2853 618 2911 codd.
633 2854 776 2912 Gronovii
789 2864 818 2910 et
835 2856 906 2930 Reg.
921 2874 937 2909 1
960 2873 967 2908 :
987 2852 1132 2930 «tegmina

90 2958 157 3004 nota.
170 2972 188 2999 ι

124 3042 228 3097 Manet
238 3042 289 3097 ille
295 3044 418 3099 ementis
424 3041 641 3119 Augustusne&
652 3038 690 3119 (v.
703 3041 759 3117 593
770 3037 834 3119 sq.).
844 3065 857 3092 α
865 3040 946 3096 MSS.
953 3050 1081 3095 ruentum
1088 3042 1133 3096 vel

93 3136 202 3203 mentm,
220 3154 281 3191 uon
297 3137 428 3192 cruentis.
439 3138 549 3193 Verum
563 3146 606 3191 est
620 3148 731 3191 mentes
734 3155 747 3204 ,·
761 3136 779 3193 i.
798 3154 823 3192 e.
841 3144 1000 3213 exspectat,
1014 3134 1134 3191 sustinet

91 3226 156 3285 inse
168 3238 293 3286 ruentes
310 3255 322 3282 a
339 3232 450 3302 Grion,
471 3229 589 3305 optimc.
605 3232 703 3305 Atque
716 3230 770 3301 ita,
784 3242 907 3297 ruentes,
923 3229 995 3303 Reg.
1014 3247 1046 3300 1;
1060 3230 1133 3284 alte-

91 3337 161 3393 rum,
176 3341 213 3378 ex
225 3323 335 3378 menta
352 3334 449 3379 ortum
454 3364 463 3395 ,
477 3322 518 3380 sic
536 3323 680 3397 explicant
694 3344 702 3379 ε
716 3320 842 3379 cruentis
857 3320 974 3391 tuturis,
988 3320 1012 3377 si
1027 3320 1066 3377 ob
1082 3339 1133 3377 co-
1148 3364 1152 3371 .

91 3414 159 3485 piam
172 3434 252 3475 snam
268 3416 429 3490 potuissent
441 3428 593 3492 penetrare
608 3435 668 3492 quo
682 3416 904 3473 contendebant.

127 3508 239 3563 Mutata
257 3504 297 3586 (v.
318 3506 397 3587 599).
419 3511 561 3567 «Refecto
582 3510 641 3566 sive
659 3508 696 3568 ad
714 3508 849 3585 proelium
866 3516 1032 3565 renovata.»
1046 3509 1133 3565 Lacr.

92 3600 170 3659 Recte
184 3602 339 3659 conferunt
352 3604 477 3675 Lucam,
491 3623 554 3675 rm,
573 3604 628 3662 150
646 3624 653 3659 :

187 3742 305 3793 Pellem
317 3742 385 3793 Joris
398 3743 500 3794 mutarit
512 3742 613 3794 fulmina
624 3743 734 3811 Cyclops.

93 3872 122 3927 In
138 3893 214 3951 seqq.
236 3878 290 3931 Tot
302 3876 430 3952 queritur
443 3894 557 3933 cessare
576 3894 678 3932 monus
692 3876 778 3948 etiam
792 3874 976 3931 recentissimi
991 3873 1134 3948 explicant

94 3964 262 4025 demonibus
273 3967 426 4025 numinum
433 3979 489 4025 'seu
503 3967 643 4039 hostiurn,
660 3988 752 4043 quum
760 3986 857 4023 veram
870 3964 1132 4041 interpretationem

94 4059 194 4119 dudum
209 4062 367 4139 preivisset
381 4065 461 4120 Lact.
478 4084 485 4119 ε
501 4088 514 4114 α
523 4064 662 4136 Queritnr
674 4062 853 4119 multitudini
866 4080 1002 4123 manuum
1019 4079 1134 4118 suarum

94 4152 157 4227 [erat
167 4158 242 4214 enim
255 4155 443 4235 centimanus)
456 4158 552 4214 hostes
567 4157 695 4214 deesse.»
