2934 4950
383 408 437 447 m
699 386 911 446 titubamus
932 384 1045 444 mnu
1059 385 1124 441 vn.
1309 380 1340 445 (ι
1352 381 1406 441 715)

379 518 620 608 intonsumque
635 516 752 608 Gyan,
773 536 970 607 sacrumque
987 514 1135 605 Lycorea
1151 505 1277 577 Phoebo

380 636 509 705 Invitus
527 660 534 703 :
550 634 621 728 jum
638 631 826 705 fraxineum
844 631 1016 702 dimiserat
1034 631 1140 701 hastae
1163 652 1166 657 ·

378 754 507 841 Robur,
528 770 562 824 et
580 756 723 824 excussis
740 754 898 850 apparuit
916 750 1022 822 infula
1037 751 1167 820 cristis:

378 875 578 945 Alcathoum
596 900 696 961 saxo,
717 876 773 944 cui
792 876 919 945 circum
936 888 1055 969 stagna
1071 872 1202 967 Carysti

378 1000 423 1066 Et
440 996 577 1084 domus,
597 1012 629 1067 et
648 998 792 1092 conjux,
812 1010 848 1065 et
865 1009 1014 1065 amantes
1030 992 1129 1062 litora
1146 992 1227 1061 nati.

378 1118 516 1190 Vixerat
535 1116 590 1188 ille
610 1118 667 1188 diu
687 1142 818 1215 pauper
835 1132 1003 1187 scrutator
1022 1139 1205 1210 uquarum:

376 1242 518 1335 Decepit
537 1238 635 1310 tellus
655 1264 664 1308 ε
685 1240 831 1310 moriens
848 1238 1038 1332 hiemesque
1056 1237 1232 1329 Notosque

376 1360 527 1450 Laudat,
547 1376 583 1430 et
598 1361 723 1455 experti
744 1358 881 1429 meliora
898 1357 1046 1453 pericula
1064 1358 1171 1453 ponti.

424 1481 577 1578 Adspicit
595 1483 655 1551 has
675 1480 775 1578 longe
791 1479 990 1575 jamdudum
1008 1480 1152 1576 Asopius
1170 1482 1324 1574 Hypseus

375 1601 551 1674 Palantutn
575 1618 715 1699 strages,
735 1602 897 1695 ardetque
913 1616 1064 1671 avertere
1080 1600 1252 1697 pugnam:

252 1756 259 1779 ·
375 1727 577 1820 Quanquam
597 1724 688 1795 haud
708 1728 779 1821 ipse
796 1725 906 1794 minus
925 1749 1029 1794 curru
1047 1724 1223 1819 Tirynthia
1240 1722 1350 1793 firndit

375 1846 531 1936 Robora,
551 1844 608 1915 sed
626 1848 699 1916 viso
719 1871 864 1941 praesens
882 1846 996 1915 minor
1012 1869 1140 1941 augure
1154 1846 1302 1940 sanguis.

373 1966 474 2038 Illum
495 1970 612 2054 armis,
631 1969 817 2063 animisque
837 1968 931 2063 cupit
948 1993 957 2036 ε
977 1966 1178 2061 prohibebat
1196 1967 1314 2061 iniquo

374 2090 516 2185 Agmine
529 2103 723 2187 ,consertum
742 2090 838 2159 cunei
857 2086 943 2159 latus
962 2113 971 2157 ε
992 2087 1070 2157 inde
1090 2089 1253 2184 superbus

373 2211 528 2280 Exseruit
548 2211 663 2305 patriis
683 2208 827 2281 electum
844 2210 969 2281 missile
988 2210 1081 2307 ripis.

374 2334 424 2401 Ac
441 2332 534 2426 prius
553 2358 561 2401 :
581 2331 778 2403 «Aonidum
799 2332 890 2403 dives
908 2331 1051 2429 largitor
1066 2356 1248 2428 aquarum,

373 2450 472 2524 Clare
490 2454 666 2549 Giganteis
685 2456 888 2542 etiamnum,
911 2456 1037 2550 Asopo,
1057 2452 1197 2541 favillis,

371 2577 425 2646 Da
442 2599 566 2646 numen
583 2573 705 2645 dextrae
723 2592 846 2672 :rogat
863 2575 928 2646 hoo
944 2591 1128 2672 natusque,
1148 2577 1266 2671 tuique

261 2724 265 2732 ·
372 2698 525 2786 Quercus
544 2694 679 2766 alumna
699 2696 778 2766 vadi
795 2723 804 2766 t
821 2698 870 2768 les
888 2712 932 2766 et-
939 2721 994 2767 me
1013 2721 1170 2793 spernere
1187 2696 1361 2783 Phoebum,

372 2819 407 2887 Si
428 2817 489 2886 tibi
506 2815 645 2887 collatus
663 2819 790 2888 Divum
811 2833 903 2888 sotor
919 2845 927 2888 ε
943 2820 1056 2888 omnia
1074 2843 1222 2914 mergam

370 2939 534 3008 Fontibus
552 2963 645 3010 arma
664 2942 748 3027 tuis,
770 2942 944 3036 tristesque
962 2943 1034 3011 sine
1050 2966 1178 3037 augure
1198 2941 1331 3010 vittas.»

419 3059 581 3129 Audierat
600 3063 729 3155 genitor
748 3088 756 3131 :
774 3076 864 3131 vetut
881 3061 1055 3157 indulgere
1071 3059 1239 3130 volentem

370 3181 531 3270 Phoebus,
550 3196 584 3251 et
601 3184 752 3277 aurigam
767 3182 918 3277 jaculum
938 3182 1114 3278 detorquet
1128 3183 1163 3250 in
1181 3183 1316 3252 Hersen.

369 3299 429 3370 Ille
446 3304 524 3371 ruit.
543 3305 634 3372 Deus
655 3305 724 3398 ipse
744 3306 837 3400 vagis
856 3304 1004 3375 succedit
1020 3303 1180 3391 habenis,

370 3425 546 3495 Lernaeum
565 3421 647 3491 falso
666 3423 826 3494 simulans
845 3423 1043 3519 Aliagmoua
1058 3423 1166 3496 vultu.

417 3546 513 3612 Tunc
532 3567 611 3612 vero
628 3544 759 3614 ardenti
777 3571 846 3616 non
864 3544 933 3615 ulla
951 3545 1113 3616 obsistere
1130 3560 1262 3614 tentant

370 3664 489 3758 Signa3
509 3679 614 3735 ruunt
630 3663 700 3735 solo
722 3682 863 3755 terrore,
880 3683 914 3737 et
933 3665 1072 3736 vulnera
1089 3669 1174 3736 citra

369 3786 462 3853 Mors
479 3785 617 3880 trepidis
635 3788 757 3882 ignava
774 3790 889 3857 vonit:
910 3787 1116 3882 dubiumque
1135 3790 1242 3857 tuenti

370 3905 530 3973 Presserit
547 3905 683 3976 infestos
703 3933 805 3993 onus,
824 3908 1039 4004 impuleritne
1056 3907 1198 4004 jugales.

416 4026 472 4094 Sic
491 4026 549 4095 ubi
568 4027 758 4098 nubiferum
774 4031 896 4098 montis
916 4029 1021 4118 latus,
1044 4043 1102 4099 aut
1119 4053 1208 4100 nova
1226 4030 1328 4098 ventis
