2934 4950
383 412 436 455 saa
676 394 890 453 turannos
911 393 1022 452 usati
1043 392 1124 452 Vlll.
1307 388 1396 447 (wil

289 518 291 525 ’
378 524 423 590 Et
440 517 541 615 galeae
560 519 696 591 vittatus
712 519 816 613 apex?
834 519 898 587 boc
914 490 1027 604 auus,
1043 516 1203 609 lacusque

379 637 536 711 Castalii?
553 638 788 734 tripodumque
803 638 905 709 fides?
922 642 971 707 sic
987 652 1103 733 gratus
1121 632 1258 729 Apollo?

379 762 463 851 Quis
482 761 563 829 mihi
581 758 727 833 sidereos
746 759 875 854 lapsus,
894 774 1107 852 mentemque
1123 757 1247 827 sinistri

379 880 550 976 Fulguris,
571 895 630 949 aut
646 882 736 956 casis
753 878 851 951 saliat
865 879 957 974 quod
977 876 1100 952 nonen
1121 880 1156 951 in
1174 878 1273 960 extis,

378 1002 522 1093 Quando
541 1004 613 1091 iter,
634 1001 722 1075 unde
740 1026 861 1091 moras,
878 1026 953 1095 quas
966 1002 1060 1072 saeris
1073 998 1164 1072 utilis
1177 997 1295 1083 armis,

379 1127 463 1214 Quae
481 1148 597 1220 pacem
616 1125 720 1218 magis
740 1124 824 1194 hora
844 1122 942 1213 velit,
961 1098 1036 1216 quis
1047 1123 1118 1216 jam
1131 1144 1231 1189 omne
1246 1116 1384 1194 bruun

378 1243 546 1317 Proferetl
565 1260 624 1315 aut
642 1270 718 1315 curn
735 1268 803 1338 quo
827 1242 977 1317 volucres
995 1266 1068 1315 mea
1083 1242 1153 1313 tata
1172 1233 1362 1334 loquentur?

378 1371 447 1436 Hos
466 1390 601 1461 quoque
617 1364 782 1437 bellorum
797 1390 892 1436 cassu
907 1366 1088 1458 uobisque,
1106 1364 1251 1455 tibique,

378 1489 586 1577 Praescicras,
605 1502 639 1560 et
652 1486 793 1584 (quanta
813 1512 908 1557 sacro
928 1487 990 1561 sub
1006 1500 1142 1581 pectore
1158 1478 1299 1575 rirtusl)

378 1613 508 1683 Venisti
525 1626 655 1701 nmen,
673 1626 706 1683 et
725 1612 855 1682 miseris
871 1635 982 1685 comes
1000 1608 1133 1681 additus
1151 1607 1262 1678 nnsis.

378 1736 421 1803 Et
442 1757 545 1827 quum
563 1747 594 1803 te
615 1730 731 1821 tellus,
747 1730 922 1826 fastisque
934 1732 1019 1807 hora
1037 1744 1192 1815 uocaret,

377 1858 429 1925 Tu
446 1855 562 1947 Tyrias
583 1855 686 1941 acies,
705 1852 910 1950 adversaque
930 1854 1043 1949 signa,
1061 1852 1186 1926 vacasti

379 1977 558 2045 Sternere:
577 1988 656 2045 tuuc
675 1974 776 2046 stiam
796 1972 907 2045 medis
921 1972 964 2043 de
977 1988 1086 2045 morte
1103 1968 1289 2043 timendum

377 2094 555 2183 Hostibus,
574 2094 759 2187 infestaque
774 2094 952 2165 abeuntem
973 2093 1116 2169 vidimus
1135 2092 1240 2166 hasa.

378 2222 420 2289 Et
438 2241 527 2285 nunc
546 2230 577 2285 te
594 2216 669 2309 quis
687 2240 783 2290 casus
803 2215 927 2287 lubet?
945 2217 1114 2312 poterisne
1127 2214 1250 2284 reverti

378 2338 518 2409 Sedibus
535 2361 554 2404 a
573 2336 713 2432 Stygiis,
730 2335 865 2430 altaque
879 2362 1056 2432 erumpere
1072 2335 1184 2409 torre?

380 2464 476 2530 Anne
494 2457 587 2529 sedes
604 2456 720 2531 hilaris
734 2460 830 2554 juxta
846 2475 905 2530 tua
922 2460 1062 2536 numina
1077 2455 1215 2528 Parcus?

377 2584 422 2650 Et
439 2581 509 2649 vica
526 2578 685 2650 concordi
706 2579 807 2652 discis
825 2595 981 2670 ventura,
1003 2577 1193 2673 docesque?

377 2706 428 2772 An
447 2701 508 2769 tibi
528 2699 639 2769 felices
658 2698 752 2773 lucos
769 2703 946 2772 miseratus
964 2702 1089 2772 Averni

379 2827 502 2892 Rector
519 2837 552 2890 et
568 2819 695 2916 Elysias
713 2821 808 2891 dedit
826 2824 996 2895 inservare
1014 2820 1188 2892 volucres?

377 2942 554 3038 Quidquid
573 2967 623 3030 es,
642 2957 784 3015 aeternus
801 2944 928 3014 Phoebo
946 2942 1056 3031 dolor,
1072 2958 1106 3012 st
1123 2966 1212 3014 nova
1224 2940 1332 3010 clades

377 3043 511 3160 Sonipes
526 3066 606 3151 cris,
624 3065 791 3158 mutisque
808 3066 867 3137 diu
884 3063 1059 3160 plorabere
1070 3063 1224 3166 Delphis.

376 3188 440 3255 llic
458 3185 633 3272 Tenedon,
654 3186 886 3280 Cyrrhamque
904 3186 993 3276 dies,
1011 3201 1175 3282 partuque
1193 3185 1328 3281 ligatam

376 3306 503 3394 Delon,
524 3321 557 3376 et
571 3307 695 3376 intonsi
712 3306 828 3378 cludet
845 3307 1027 3404 penetralia
1046 3308 1200 3380 Branchi.

376 3430 448 3498 Nec
466 3426 593 3498 Clarias
613 3427 676 3498 hac
696 3427 772 3500 luce
787 3429 896 3518 fores,
917 3431 1156 3525 Didymaeaque
1170 3431 1345 3525 quisquam

377 3548 528 3633 Limina,
549 3572 610 3618 nec
630 3528 925 3645 Lyciam¹supplex
938 3551 1111 3626 consultor
1124 3550 1241 3622 adibit.

378 3670 469 3758 Quin
487 3683 519 3736 et
535 3670 702 3764 cornigeri
717 3674 802 3740 vatis
820 3697 958 3760 nemus,
980 3688 1079 3769 atquc
1098 3672 1237 3744 Molossi
1258 3753 1263 3758 ⁸

376 3793 528 3881 Quercus
550 3788 795 3881 annotatoris,
815 3794 1028 3888 Trojanaque
1047 3795 1218 3890 Thymbra
1238 3795 1363 3865 tacebit.

377 3913 443 4006 lpsi
464 3936 595 4002 amnes,
614 3914 761 4006 ipseque
776 3913 888 3985 volent
900 3941 1048 3988 arescere
1066 3916 1190 3989 laurus.

371 4036 445 4128 lpse
468 4032 550 4102 uihil
572 4049 701 4104 certum
718 4037 806 4130 sagis
827 4036 1040 4134 clangoribus
1058 4041 1162 4110 ether
