2934 4950
77 460 186 523 (¹5⁶⁵)
373 456 590 515 'smarnos
613 456 723 515 Luta
744 458 825 512 vm.
1068 452 1122 509 135»

77 587 143 652 Ceu
159 594 343 678 spectetur,
358 586 449 678 agit:
466 583 588 678 triplici
603 583 772 654 velaverat
785 598 877 653 ostro
989 618 996 631 ’

76 710 252 801 Surgentes
270 707 454 775 etiamnum
472 706 646 794 humeros,
666 721 701 776 et
721 705 808 775 levia
828 721 938 775 mater

74 832 236 897 Pectora:
257 844 338 898 tuno
359 852 441 897 auro
459 827 630 923 phaleras,
652 852 802 923 auroque
819 830 956 923 sagittas

73 948 301 1044 Cingulaque,
318 964 351 1018 et
369 950 536 1037 manicas,
556 974 598 1018 ne
615 950 761 1045 conjuge
777 949 877 1019 vilior
893 952 973 1034 iret,

73 1073 255 1158 Presserat,
275 1085 310 1139 et
328 1073 469 1140 mixtum
487 1074 574 1139 cono
594 1072 802 1165 crispaverat
819 1088 949 1141 aurum.

72 1189 206 1259 Talibus
225 1188 305 1259 heu!
325 1190 431 1261 fidens
452 1206 548 1262 vocat
566 1189 655 1261 ultro
676 1192 711 1259 in
730 1190 848 1286 proelia
867 1193 997 1263 Graios.

70 1318 116 1380 Ac
136 1314 284 1407 primum
303 1311 413 1381 faciles
432 1326 600 1409 grassatus
619 1310 756 1406 cuspide
773 1327 902 1381 turmas

70 1438 170 1501 Arma
188 1432 288 1503 refert
304 1435 418 1521 sociis,
436 1447 469 1503 et
486 1433 520 1501 in
535 1435 667 1527 agmina
683 1432 768 1523 fida,
785 1447 919 1529 peracta

69 1553 186 1641 Caede,
201 1553 290 1624 redit
306 1580 314 1623 ε
331 1554 378 1623 sic
396 1558 552 1649 Hyrcana
567 1552 618 1623 leo
634 1556 776 1649 Caspius
794 1554 913 1624 umbra
1029 1596 1031 1600 .

68 1674 188 1745 Nudus
201 1674 325 1761 adhuc,
341 1674 500 1770 nulloque
510 1676 600 1769 jubae
613 1675 767 1745 flaventis
778 1676 908 1744 bonore

66 1794 256 1881 Terribilis,
274 1796 453 1892 magnique
471 1798 654 1865 etiamnum
669 1796 842 1892 sanguinis
861 1798 994 1884 insons,

67 1915 167 1984 Haud
184 1915 302 2010 procul
321 1941 341 1984 a
361 1914 500 1985 stabulis
518 1931 631 2012 captat
646 1917 785 1987 custode
802 1932 932 1987 remoto

67 2039 176 2132 Segne
193 2061 315 2131 pecus,
336 2050 516 2131 teneraque
532 2037 651 2108 famem
673 2038 841 2107 consumit
857 2039 893 2107 in
911 2060 1006 2133 agna.

118 2160 201 2225 Mox
221 2158 374 2251 ignotum
393 2160 513 2247 armis,
533 2180 572 2226 ac
590 2156 663 2228 solo
682 2182 823 2253 corpore
842 2184 976 2229 mensus

68 2277 181 2371 Tydea
200 2301 270 2346 non
291 2279 402 2347 timuit
423 2304 432 2347 ε
453 2278 629 2374 fragilique
650 2278 809 2349 lacessere
826 2278 894 2349 telo

68 2400 195 2493 Saepius
212 2397 458 2469 infrendentem
476 2397 567 2484 aliis,
587 2398 736 2494 aliosque
754 2415 946 2494 sequentem

67 2523 179 2589 Ausus
200 2535 273 2590 erat
291 2546 299 2588 τ
320 2520 454 2590 tandem
474 2518 637 2590 invalidos
655 2519 785 2590 AEtolus
804 2521 846 2590 ad
865 2523 950 2591 ictus

69 2645 165 2710 Forte
186 2639 288 2710 refert
307 2640 440 2730 oculos,
460 2655 494 2711 et
513 2639 726 2710 formidabile
745 2641 857 2711 ridens
878 2668 886 2708 :

68 2761 299 2832 «Jamdudum
317 2763 432 2849 video,
451 2785 611 2859 magnum
630 2765 743 2857 cupis,
763 2761 937 2857 improbe,
957 2762 1014 2832 leti

67 2885 248 2971 Nomen,a
267 2884 314 2952 ait
334 2909 342 2952 ε
363 2883 461 2953 simul
479 2883 640 2954 audacem
660 2907 728 2952 non
749 2907 847 2971 ense,
868 2907 930 2953 nec
948 2883 1043 2952 hasta

67 3005 252 3098 Dignatus,
272 3002 388 3073 leviter
404 3004 518 3100 digitis
538 3002 670 3073 imbelle
686 3002 804 3073 solutis

67 3124 197 3218 dbjecit
213 3122 360 3218 jaculum
381 3151 389 3194 ε
411 3124 554 3194 latebras
575 3140 685 3194 tamen
705 3125 852 3220 inguinis
871 3123 937 3193 alte

66 3242 193 3313 Missile
203 3295 213 3331 ,
231 3269 290 3314 ceu
309 3245 388 3313 totis
405 3247 567 3314 intortum
586 3245 714 3314 viribus
730 3246 851 3314 bausit.

67 3367 219 3435 Praeterit
234 3365 323 3435 haud
341 3365 481 3435 dubium
500 3365 576 3453 fati,
597 3380 630 3434 et
649 3365 794 3459 spoliare
811 3366 962 3460 superbit

67 3485 217 3557 OEnidcs
231 3511 239 3555 :
254 3489 396 3581 «Neque
407 3489 496 3556 enim
504 3488 564 3557 has
573 3489 690 3574 Marti,
702 3500 761 3555 aut
770 3487 848 3574 tibi,
859 3485 979 3556 bellica
989 3484 1112 3574 Pallas,

66 3609 211 3677 Exuvias
232 3607 392 3703 ligemus,
413 3609 459 3677 ait
481 3605 626 3704 :procul
648 3621 759 3676 arceat
779 3608 889 3702 ipsum

67 3729 164 3797 Ferre
182 3727 318 3823 pudor:
337 3729 390 3798 vix
410 3731 438 3798 si
455 3727 580 3798 bellum
599 3730 759 3797 comitata
778 3726 901 3795 relictis

66 3849 205 3945 Deipyle
238 3847 408 3938 thalamis,
430 3849 476 3919 illi
497 3848 666 3920 illudenda
686 3847 874 3917 tulissem.»

112 3970 168 4039 Sic
188 3972 235 4040 ait
253 3995 262 4039 ε
285 3985 319 4039 et
338 3969 417 4040 belli
435 3973 564 4065 majora
582 3968 625 4038 ad
643 3968 780 4064 praemia
798 3983 908 4036 mente

69 4090 237 4161 Ducitur:
259 4093 444 4163 innumeris
463 4092 564 4163 veluti
583 4090 638 4161 leo
656 4087 744 4158 forte
760 4089 887 4184 potitus
