2934 4950
88 447 124 512 (a.
135 441 206 505 ⁵31.)
393 437 641 494 ACHILLEIDOS
662 436 775 494 LIBER
795 441 819 495 l.
1075 460 1130 514 277

89 567 301 651 Attonitum,
321 577 354 632 ct
371 564 462 658 turpi
482 576 685 657 querentem
703 563 802 636 litora
822 566 922 635 furto.

90 686 285 760 Occidimus
307 711 324 765 z,
337 682 462 781 placuit
481 684 676 778 Lycomedis
694 689 827 756 conscia
846 683 953 758 tellus.

89 815 123 882 Ο
143 807 250 878 scelus
261 803 329 876 len
348 805 446 874 fluxae
464 806 606 874 veniunt
624 807 660 902 in
677 821 815 900 pectora
832 824 950 878 vestes.

90 928 232 1028 Scinde,
252 952 347 1022 puer,
366 925 496 1015 scinde,
516 940 550 996 et
569 925 693 996 timidae
712 953 754 998 ne
772 929 1028 1024 crede’parenti.

90 1053 155 1122 Hei
162 1051 376 1145 mihi‚raptus
383 1045 625 1142 abithuaenam
634 1050 704 1119 haec
713 1049 828 1144 procul
839 1051 990 1146 improba
997 1054 1134 1148 virgei»

143 1175 209 1242 Hic
227 1185 367 1242 nutante
387 1168 493 1266 gradu
512 1171 623 1258 stetit,
638 1152 833 1266 amissisque
850 1172 972 1243 furoris

91 1295 232 1366 Viribus
250 1307 329 1362 ante
349 1293 435 1386 ipsas
456 1291 667 1361 tremefactus
683 1295 811 1361 corruit
827 1316 911 1362 aras.

92 1417 190 1486 Tunc
210 1415 389 1484 haerentem
405 1412 560 1482 Ithacum
577 1410 783 1508 Calydonius
802 1416 943 1508 occupat
961 1415 1086 1485 heros:

92 1568 110 1603 a
129 1539 202 1608 Nos
221 1549 317 1604 vocat
334 1536 396 1604 iste
416 1532 510 1604 labor
529 1560 537 1603 ε
558 1559 666 1628 neque
687 1537 776 1604 enim
799 1560 909 1605 comes
930 1537 979 1604 ire
1001 1557 1139 1623 recuso,

94 1661 132 1730 Si
150 1673 183 1728 te
201 1680 283 1726 cura
300 1639 430 1724 trahit:
454 1652 530 1724 licet
551 1654 607 1726 illc
626 1656 824 1740 sonantibus
841 1658 945 1725 antris

92 1779 241 1875 Tethyos
261 1775 406 1848 adverse
426 1777 619 1870 gremioque
638 1791 812 1871 prematur,
827 1801 953 1871 aquoso

91 1904 240 1988 Nereos,
259 1897 406 1968 iuvenies
424 1923 432 1966 ε
450 1912 487 1966 tu
506 1875 636 1966 tantum
651 1898 812 1993 providus
827 1913 901 1968 astu
921 1941 924 1947 ·

92 2020 211 2092 Tende
228 2023 375 2090 animum
396 2017 548 2114 vigilem,
570 2018 829 2114 foecundumque
843 2021 934 2116 erige
949 2035 1092 2116 pectus:

94 2147 187 2214 Nam
204 2141 286 2211 mihi
305 2143 379 2236 quis
396 2154 511 2210 vatum
529 2138 639 2208 dubiis
660 2141 694 2209 in
713 2141 845 2211 casibus
864 2143 952 2210 ausit

94 2269 178 2334 Fata
197 2263 312 2332 videre
331 2259 447 2358 prior?
466 2291 482 2325 s
501 2260 630 2330 Subicit
648 2263 781 2354 gavisus
797 2259 937 2332 Ulixes:

147 2415 165 2450 α
186 2385 240 2455 Sic
257 2387 350 2454 Deus
371 2384 582 2480 omnipotens
601 2380 730 2470 firmet,
752 2385 798 2451 sic
814 2399 941 2453 annuat
957 2383 1015 2454 illa

95 2510 208 2604 Virgo
228 2482 367 2602 paterua
385 2504 446 2574 tibi
466 2531 474 2573 ε
498 2503 554 2573 sed
571 2528 624 2572 me
643 2528 717 2598 spes
732 2503 862 2574 lubrica
881 2505 992 2575 tardat
1012 2532 1020 2574 :

96 2628 237 2701 Grande
258 2625 413 2721 equidem
431 2640 598 2697 armatum
611 2625 731 2707 castris
751 2626 909 2698 inducere
931 2624 1107 2696 Achillem.

97 2749 165 2820 Sed
185 2750 212 2818 si
231 2748 298 2817 lata
316 2761 456 2841 negent,
477 2769 579 2840 quam
596 2745 721 2815 foedum
738 2746 780 2815 ac
801 2748 894 2816 triste
914 2743 1055 2816 reverti!

96 2875 191 2939 Vota
207 2883 319 2938 mmen
338 2870 493 2937 Danaum
511 2892 579 2936 non
599 2868 763 2937 intentata
780 2865 977 2962 relinquam.

96 2997 241 3086 Jamque
256 2989 338 3059 adeo
355 3003 415 3059 aut
429 2988 537 3059 aderit
557 3012 688 3059 mecum
707 2986 839 3060 Peleius
856 2989 971 3076 heros,

99 3121 173 3185 Aut
192 3136 308 3183 verum
324 3113 457 3207 penitus
472 3110 568 3198 latet,
586 3124 619 3179 et
636 3110 708 3181 sine
728 3108 885 3204 Apolline
902 3109 1054 3181 Calchas.
1076 3140 1094 3175 η

153 3232 374 3304 Conclamant
383 3234 511 3321 Danai,
530 3231 963 3329 stimulatqueAgamemno
974 3230 1145 3302 volentes:

99 3363 278 3429 Laxantur
295 3369 419 3443 coetus,
437 3353 649 3449 resolutaque
667 3380 840 3426 murmure
856 3355 933 3427 lato

101 3480 249 3574 Agmina
267 3476 441 3545 discedunt
458 3475 596 3572 :quales
611 3477 682 3571 jam
702 3493 799 3550 nocte
817 3480 1007 3574 propinqua

101 3605 131 3670 E
150 3614 250 3693 pastu
271 3598 462 3668 referuntur
481 3624 578 3693 apes,
596 3597 647 3670 vel
665 3600 700 3685 in
719 3614 816 3670 antra
837 3584 961 3672 reverti

100 3718 205 3791 Melle
224 3744 312 3790 novo
333 3720 484 3817 gravidas
503 3722 592 3791 mitis
613 3719 704 3790 videt
721 3719 831 3817 Hybla
850 3736 1009 3792 catervas.
1036 3805 1038 3808 Ι

102 3846 180 3918 Neo
198 3866 312 3927 mora,
328 3844 400 3937 jam
417 3842 549 3913 dextras
570 3842 733 3915 Ithacesia
752 3843 909 3912 carbasus
927 3868 1027 3914 auras

102 3965 235 4052 Poscit,
254 3965 338 4035 etin
356 3965 455 4034 remis
472 3963 585 4035 hilaris
606 3965 720 4036 sedere
735 3966 906 4061 juventus.

155 4093 202 4161 At
220 4086 337 4182 procul
358 4085 527 4159 occultum
545 4086 617 4157 falsi
638 4088 700 4159 suh
722 4090 865 4183 imagine
883 4116 980 4160 sexus
