2934 4950
367 479 424 525 too
715 469 745 522 Ρ.
768 467 889 522 PUBLIl
912 465 1034 520 STATII

344 678 346 683 Ι
366 619 509 692 possum.
529 594 714 662 Maximum
729 594 865 661 Junium
885 591 1054 685 dignitatis
1075 603 1108 657 et
1130 589 1327 684 eloquentiae
1352 617 1425 658 no-

365 717 455 783 mine
475 738 494 782 a
516 714 612 783 nobis
630 712 742 808 diligi,
762 714 840 781 satis
860 735 950 780 eram
970 723 1107 779 testatus
1128 709 1284 804 epistola,
1308 736 1424 804 quam

364 835 408 905 ad
435 833 529 903 illum
557 833 599 902 de
630 833 775 902 editione
804 830 990 901 Thebaidos
1022 855 1102 899 meae
1132 830 1321 924 publicavi3
1356 832 1425 900 sed

302 1000 308 1011 ·
363 980 453 1024 nunc
478 978 611 1048 quoque
637 977 713 1021 eum
741 951 863 1020 reverti
888 951 1051 1018 maturius
1075 973 1093 1017 e
1119 947 1288 1018 Dalmatia
1314 975 1423 1046 rogo.

363 1078 484 1144 Juncta
502 1086 551 1143 est
573 1070 697 1167 Ecloga
719 1070 762 1139 ad
781 1071 985 1164 municipem
1007 1093 1119 1138 meum
1141 1067 1266 1138 Julium
1288 1073 1423 1139 Mene-

362 1210 506 1284 cratem,
527 1191 737 1287 splendidum
757 1193 935 1285 juvenem,
961 1204 994 1257 et
1016 1186 1113 1257 Pollii
1139 1191 1204 1257 mei
1230 1215 1423 1284 generum3

361 1318 416 1385 cui
442 1312 593 1411 gratulor
619 1311 710 1406 quod
736 1308 913 1404 Neapolim
943 1323 1090 1378 nostram
1117 1333 1257 1378 numero
1285 1308 1422 1381 libero-

360 1461 437 1505 rum
461 1434 696 1504 honestaverit.
724 1430 834 1502 Plotio
861 1431 1021 1524 Grypho,
1048 1431 1183 1523 majoris
1208 1428 1331 1524 gradus
1355 1435 1422 1526 ju-

361 1557 456 1644 veni,
481 1555 614 1651 dignius
633 1551 831 1648 opusculum
855 1551 1019 1619 reddam:
1041 1550 1097 1618 sed
1117 1551 1252 1619 interim
1272 1555 1421 1624 Hende-
1446 1597 1447 1600 =

360 1675 557 1771 easyllabos,
571 1699 654 1769 quos
667 1671 898 1777 Saturnalibus
912 1696 979 1740 una
991 1673 1140 1758 risimus,
1153 1669 1232 1740 huic
1245 1669 1422 1744 volumini

363 1798 498 1867 inserui.

411 1919 527 2006 Quare
543 1942 624 2012 ergo
641 1916 738 2012 plura
754 1918 790 1986 in
808 1931 927 2008 quarto
944 1914 1126 2003 Silvarum,
1147 1943 1246 2011 quam
1264 1918 1299 1984 in
1319 1919 1420 2010 prio-

362 2037 475 2107 ribus?
490 2041 543 2110 Ne
559 2062 594 2106 se
609 2051 729 2131 putent
746 2034 871 2127 aliquid
887 2037 1010 2130 egisse,
1026 2038 1084 2130 qui
1101 2037 1419 2132 reprehenderunt,

362 2172 399 2226 ut
428 2157 548 2245 audio,
574 2154 665 2250 quod
693 2155 757 2222 hoc
789 2153 857 2222 stili
886 2180 990 2249 genus
1018 2156 1203 2226 edidissem.
1235 2159 1418 2247 Primum,

361 2299 602 2371 supervacuum
619 2289 668 2343 est
683 2273 873 2344 dissuadere
888 2301 960 2345 rem
979 2277 1099 2346 saetam
1117 2303 1125 2346 ε
1147 2276 1287 2365 deinde,
1303 2278 1419 2350 multa

362 2423 402 2466 ex
414 2395 480 2465 illis
488 2397 559 2492 jam
573 2397 720 2464 Domino
736 2397 859 2465 Caesari
871 2395 1047 2485 dederam3
1065 2411 1099 2467 et
1112 2412 1239 2494 quanto
1252 2400 1318 2469 hoc
1332 2399 1417 2497 plus

362 2531 429 2607 est,
456 2533 558 2611 quam
582 2516 704 2586 edere?
728 2522 891 2587 Exercere
912 2533 1022 2589 autem
1045 2522 1138 2615 jocos
1163 2518 1360 2591 nonlicet?
1386 2526 1416 2592 si

362 2650 506 2725 seoret03
533 2638 650 2731 inquit.
677 2637 802 2707 Sedet
832 2640 1107 2734 sphaeromachias
1136 2655 1343 2736 spectamus,
1379 2660 1417 2713 et

312 2736 317 2744 .
362 2757 475 2853 pilaria
499 2755 585 2826 lusio
613 2758 810 2832 admittitur.
848 2762 1054 2849 Novissime,
1085 2763 1233 2856 quisquis
1259 2786 1297 2831 ex
1325 2764 1415 2833 meis

362 2879 495 2948 invidus
521 2877 647 2975 aliquid
673 2876 771 2976 legit,
800 2883 911 2950 statim
935 2908 970 2951 se
995 2882 1168 2977 profitetur
1193 2881 1408 2955 adversum:

362 3002 474 3093 itaque
498 3000 637 3069 consilio
663 3002 734 3095 ejus
760 3001 941 3070 accedam?
964 3006 1004 3071 In
1027 3027 1174 3089 summa,
1198 3026 1318 3099 nempe
1345 3028 1415 3100 ego

362 3144 436 3187 sum
456 3120 515 3214 qui
536 3118 720 3189 traducor:
742 3134 866 3210 taceat,
889 3137 921 3190 et
941 3122 1092 3218 gaudeat.
1114 3128 1213 3192 Hunc
1233 3137 1346 3192 tamen
1368 3122 1414 3193 li-

363 3238 461 3308 brum
480 3255 535 3330 tu,
550 3238 726 3330 Marcelle,
746 3239 912 3312 defendes.
929 3248 990 3333 Et,
1006 3246 1032 3313 si
1049 3244 1200 3333 videtur,
1220 3245 1384 3315 hactenus
1403 3271 1413 3315 a

363 3360 415 3427 sin
430 3361 558 3448 minus,
576 3359 868 3456 reprehendemur.
