2934 4950
81 416 205 480 (ans.)
394 412 607 470 nausimus
628 411 812 469 annau.
1076 432 1134 488 ²09

78 545 151 612 Hic
168 544 246 612 nive
277 541 431 637 Rhipaea,
454 536 571 637 libycis
588 541 643 609 hic
659 544 778 634 pastus¹
789 542 915 626 arenis,

77 663 178 734 Bella
196 664 285 733 cient
301 689 310 730 ε
328 663 475 732 clamant
488 687 614 750 amnes,
635 661 733 749 freta,
755 661 888 746 nubila,
905 663 1015 752 silvae3

75 791 227 880 Jamque
242 799 359 879 patent
376 798 523 879 strages:
544 782 708 878 plangunt
723 810 783 854 sua
796 785 919 854 damna
935 784 1065 884 coloni,

74 914 122 978 Et
143 923 258 992 tamen
278 921 458 1002 oppressos
474 908 675 976 miserantur
693 908 728 1005 in'
747 933 880 1002 aequare
898 922 1027 978 nautas.

73 1030 164 1100 Illas
184 1045 222 1098 ut
238 1056 369 1101 summo
387 1029 471 1100 vidit
491 1044 586 1125 pater
604 1029 691 1100 altus
709 1029 856 1125 Olympo

73 1158 253 1222 incestare
271 1150 374 1238 diem,
390 1151 627 1246 trepidumque
640 1153 842 1246 Hyperionis
857 1153 973 1223 orbem

74 1272 241 1344 Suffundi
258 1251 412 1361 maculis,
431 1288 528 1342 torvo
548 1275 596 1343 sic
614 1273 850 1344 inchoatore:

128 1427 149 1460 ιι
161 1394 317 1466 Vidimus
335 1393 527 1482 armiferos,
549 1421 618 1491 quo
637 1389 773 1466 sas'erat
790 1421 913 1491 usque,
929 1397 1074 1482 furores,

72 1516 264 1606 Coeiicolae,
281 1516 454 1612 licitasque
472 1519 574 1603 acies,
594 1519 655 1588 etsi
671 1519 776 1614 impia
791 1518 878 1589 bella

72 1647 181 1712 Unus
203 1642 282 1729 init,
303 1665 470 1736 aususque
488 1647 562 1710 me'a
578 1633 800 1736 procumbens
820 1641 949 1712 dextra.

72 1768 184 1836 Nunc
199 1789 260 1858 par
277 1762 469 1851 infandum,
490 1764 686 1856 miserisque
704 1763 876 1858 incognita
892 1767 989 1833 terris

71 1890 202 1981 Pugna
221 1885 355 1954 subest:
377 1883 505 1955 auferte
522 1883 638 1955 oculos
656 1910 665 1954 τ
683 1884 874 1954 absentibus
892 1887 1004 1955 ausint

71 2012 150 2078 lsta
164 2009 265 2094 Deis,
284 2005 472 2100 lateantque
490 2009 606 2076 Jovem
623 2032 630 2074 :
649 2019 701 2075 sat
715 2005 834 2076 funera
849 2031 971 2076 mensa

72 2129 266 2216 Tantaleae,
284 2145 318 2200 et
334 2144 447 2200 sontes
463 2128 584 2198 vidisse
599 2129 765 2223 Lycaonis
780 2153 876 2216 aras,

72 2257 120 2322 Et
141 2251 263 2321 festina
281 2250 360 2345 polo
379 2250 537 2324 ducentes
553 2264 642 2320 astra
658 2224 829 2343 Micenas.

72 2377 183 2444 Nunc
205 2374 304 2442 etiam
323 2371 489 2442 turbanda
505 2372 601 2452 dies:
621 2370 708 2443 mala
727 2372 843 2442 nubila
857 2372 958 2443 tellus

72 2497 221 2591 Accipe,
240 2494 463 2593 secedantque
479 2494 548 2592 poli
567 2521 574 2564 :
594 2507 815 2591 stat'psrcere
829 2495 976 2583 mundo,

73 2617 327 2713 Coelitibusque
341 2621 447 2688 meis:
468 2617 584 2687 saltem
601 2644 643 2687 ne
658 2619 798 2713 virginis
816 2617 910 2687 almae
934 2634 1020 2665 Μ’·

73 2740 219 2825 Sidera,
237 2738 347 2809 Ledaei
364 2738 501 2808 videant
519 2764 584 2809 neu
604 2738 684 2809 talia
705 2739 867 2809 fratres.»

126 2863 188 2932 Sia
207 2876 304 2956 patei·
322 2863 553 2957 omnipotens,
575 2863 733 2956 visusque
750 2861 948 2931 nocentibus
965 2862 1053 2932 arvis
1112 2909 1114 2912 -

73 2983 246 3071 Abstulit,
266 3000 300 3054 et
318 2981 408 3055 dulei
430 3000 531 3054 terrae'
544 3009 681 3055 asistere
700 3010 828 3055 sereno.

128 3110 274 3200 Jamque
289 3132 350 3202 per
364 3102 526 3203 argolicas
541 3107 655 3183 Erebo¹
670 3122 742 3177 sata
759 3108 854 3205 virgo
868 3108 1021 3177 cobortes

74 3231 238 3325 vestigat
254 3228 420 3325 Polynicis
437 3231 704 3327 iter,1p0rtisque
723 3231 786 3301 sub
805 3231 885 3326 ipsis

75 3351 236 3441 Invenit,
257 3351 424 3421 incertum
444 3351 511 3422 leto
529 3367 579 3421 tot
596 3353 712 3447 iniqua
730 3352 853 3450 fugane

75 3480 208 3561 Exeat,
226 3491 259 3544 et
276 3471 396 3544 dubios
413 3454 594 3545 turbabant
612 3478 724 3545 omina
742 3499 868 3559 sensus.

75 3596 246 3683 Viderat,
266 3596 409 3668 obscura
427 3595 549 3667 vallum
571 3596 652 3667 dum
671 3612 771 3667 nocte
788 3613 952 3692 perornan

76 3722 187 3815 AEgar
202 3716 353 3807 consilii,
370 3720 527 3813 curisque
542 3720 722 3790 novissima
741 3715 895 3806 volvens,

77 3840 248 3935 Conjugis
266 3841 376 3937 Argiae
397 3838 505 3912 lacera
526 3848 603 3911 cuni
620 3839 773 3937 lampade
792 3854 946 3912 moestam

77 3960 239 4060 Effigiem
257 3963 360 4059 (sunt
376 3979 526 4035 monstra
543 3966 668 4053 Deum,
688 3965 736 4033 sic
756 3966 805 4033 ira
824 3963 979 4060 parabat,

79 4088 154 4152 Has
171 4082 279 4154 latura
296 4084 370 4154 viro
388 4084 488 4155 taedas
506 4085 604 4182 erat)
625 4112 634 4157 :
653 4111 733 4184 ergo
752 4087 906 4185 roganti,
975 4168 977 4172 .

228 4231 266 4280 ¹¹·
425 4274 428 4279 -
928 4210 967 4293 ¹4
