2934 4950
369 365 405 420 32
511 374 514 378 ·
570 345 573 347 “
696 353 911 412 mantulos
932 354 1043 412 unua
1065 355 1100 408 v.
1195 391 1196 394 ,
1323 352 1401 416 (aas)

370 483 492 568 Terra,
511 503 573 549 nec
591 478 648 548 illa
665 483 766 550 Samo
785 480 890 560 fama,
910 477 1036 550 Delove
1054 479 1186 548 sonanti
1223 509 1225 513 ’

369 601 487 692 Pejor,
506 615 539 669 et
559 602 742 670 innumeris
760 625 842 695 quas
862 600 1023 695 spumifer
1044 597 1148 670 assilit
1166 602 1284 694 AEgon.

370 724 433 791 Dis
452 723 559 791 vuum
577 721 713 791 turbare
731 722 849 793 domos
868 748 875 790 :
895 746 958 792 nec
974 736 1110 824 pectora
1126 718 1226 815 culpa

367 817 495 916 'Nostra
510 858 654 912 vacant:
671 842 781 913 nullos
798 846 922 914 Veneri
937 845 1139 914 sacravimus
1156 843 1248 938 ignes
1266 867 1285 911 ι’

370 963 473 1034 Nulla
490 967 568 1034 Deae
587 963 682 1034 sedes
702 992 710 1032 ε
731 979 844 1034 movet
861 978 897 1033 et
914 962 1059 1034 coelestia
1081 962 1251 1057 quondam

372 1085 483 1156 Corda
503 1084 616 1172 dolor,
635 1085 794 1181 lentoque
812 1088 965 1181 irrepunt
983 1088 1116 1181 agmine
1137 1089 1256 1156 Poenae.

369 1178 372 1202 Ι
420 1205 509 1275 allla
527 1200 668 1302 Paphon
682 1222 828 1276 veterem
846 1222 1046 1300 centumque
1064 1203 1181 1274 altaria
1199 1203 1366 1297 linquens,

372 1331 445 1401 Nee
458 1327 572 1418 vultu,
589 1354 651 1398 nec
668 1331 762 1400 crine
777 1332 888 1425 prior,
906 1327 1042 1400 solvisse
1054 1325 1202 1424 jugalem

372 1454 514 1538 Ceston,
533 1466 568 1520 et
585 1449 706 1519 Idalias
726 1449 844 1546 procul
865 1449 1032 1548 ablegasse
1052 1447 1202 1518 volucres

372 1578 492 1644 Fertur
509 1599 516 1639 :
535 1586 632 1642 erant
648 1589 755 1661 certe,
772 1571 883 1640 media
898 1597 971 1666 quae
988 1572 1095 1641 noctis
1110 1571 1145 1638 in
1160 1569 1281 1638 umbra

372 1697 514 1785 Divam,
534 1694 615 1764 alios
635 1697 728 1790 ignes
749 1695 943 1788 majoraque
964 1692 1029 1762 tela
1049 1707 1239 1787 gerentem,

373 1821 547 1887 Tartareas
566 1817 654 1885 inter
673 1815 826 1886 thalamis
845 1813 998 1884 volitasse
1016 1827 1147 1884 sorores·

374 1937 561 2034 Vulgarent
578 1964 587 2008 ε
604 1953 709 2032 utque
726 1937 895 2034 implicitis
913 1960 1035 2007 arcana
1052 1935 1229 2005 domorum

374 2060 564 2156 Anguibus,
585 2075 619 2129 et
639 2085 725 2130 saeva
745 2058 922 2129 formidine
942 2072 1062 2129 cuncta
1082 2055 1224 2152 replevit

375 2184 522 2270 Limina,
544 2206 605 2252 nee
624 2180 682 2250 lidi
699 2179 863 2277 populum
884 2181 1039 2252 miserata
1055 2179 1183 2265 mariti;
1227 2193 1232 2200 '

375 2307 531 2375 Protinus
545 2329 567 2374 a
580 2307 707 2373 Lemno
723 2304 829 2374 teneri
848 2302 977 2398 fugistis
997 2305 1134 2372 Amores
1151 2327 1159 2370 ε

375 2430 489 2499 Motus
508 2430 655 2522 Hymen,
674 2449 845 2520 versaeque
863 2423 968 2513 faces,
988 2439 1022 2495 et
1040 2422 1160 2519 frigida
1175 2423 1257 2517 justi

376 2553 467 2621 Cura
482 2551 547 2619 tori
564 2576 572 2618 :
589 2535 688 2619 nullae
703 2548 845 2618 redeunt
860 2550 895 2619 in
912 2546 1033 2643 gaudia
1048 2560 1181 2635 noctes,

376 2670 499 2743 Nullus
514 2672 550 2739 in
566 2669 720 2765 amplexu
736 2694 837 2765 sopor
853 2676 930 2741 est:
948 2669 1026 2741 odia
1042 2692 1159 2764 aspera
1173 2666 1316 2762 ubique,

376 2796 421 2861 Et
440 2795 567 2880 Furor,
587 2805 623 2861 et
639 2790 753 2861 medio
766 2792 909 2863 ,recubat
928 2790 1104 2861 Discordia
1121 2787 1216 2859 lecto.

376 2917 468 2985 Cura
482 2914 562 2982 viris
579 2913 724 2983 tumidos
740 2913 878 2983 adversa
893 2913 1039 2987 Thracas
1056 2915 1091 2981 in
1109 2937 1169 2981 ora

376 3039 524 3124 Emere,
544 3049 579 3104 et
594 3059 714 3104 saevam
732 3032 887 3105 bellando
906 3035 1059 3131 frangere
1077 3049 1220 3131 gentem.

426 3185 443 3220 a
455 3158 637 3250 Quumque
656 3156 776 3229 domus
795 3172 933 3246 eontra,
953 3172 1141 3251 stantesque
1160 3156 1202 3231 in,
1219 3153 1318 3223 litore
1337 3152 1405 3235 nati,

377 3276 517 3347 Dulcius
531 3276 668 3349 Edonas
682 3280 825 3365 hiemes,
841 3282 1032 3372 Arctonque
1047 3276 1242 3347 frementem

377 3400 556 3492 Excipere,
572 3413 631 3468 aut
645 3398 779 3469 tandem
797 3402 895 3469 tacita
910 3406 988 3495 post
1002 3396 1118 3493 proelia
1136 3412 1235 3468 nocte

379 3523 574 3589 Fracturum
589 3506 715 3591 subitas
732 3536 920 3591 torrentum
936 3520 1052 3591 audire
1067 3520 1192 3589 ruinas.

429 3638 529 3711 «Illae
550 3656 660 3711 anum
679 3643 789 3713 tristes
809 3640 910 3741 (nam
929 3668 983 3712 me
1003 3656 1084 3712 tune
1102 3640 1207 3709 libera
1227 3641 1317 3709 curis

378 3763 581 3857 Virginitas,
600 3766 745 3858 annique
764 3763 905 3861 teguntl
926 3764 988 3833 suh
1007 3778 1105 3833 nocte
1125 3760 1245 3856 dieque

307 3919 310 3927 .
336 3888 339 3893 ’
378 3882 528 3953 Assiduis
547 3910 643 3981 aegrae
663 3883 835 3981 lacrymis,
857 3884 1001 3956 solantia
1016 3887 1157 3955 miscent

379 4003 573 4100 Colloquia,
590 4022 648 4077 aut
665 4032 787 4077 saevam
798 4024 957 4104 spectant
976 4022 1068 4078 trans
1085 4032 1221 4103 aequora
1238 4006 1388 4076 Thracen.
