2934 4950
310 437 347 496 to
672 426 702 480 r.
723 424 845 480 runnu
866 424 990 480 srsrn
1257 437 1289 490 (ι.
1302 436 1380 490 1⁴0.)

310 559 409 624 Hunc
426 575 487 621 nec
507 574 591 620 saeva
607 551 681 618 viro
700 551 861 645 potuisset
877 573 1013 643 carpere
1032 551 1180 636 Procne,

310 674 381 743 Nec
397 671 467 741 iera
485 668 634 740 crudeles
651 666 786 739 Colchis
803 667 952 738 durasset
968 669 1003 737 in
1021 669 1103 758 iras,

308 792 427 863 Editus
446 789 551 860 AEolia
568 815 630 860 nec
647 789 674 859 si
692 789 778 859 foret
796 791 858 858 iste
875 791 1016 877 Creusa3

308 917 438 983 Torvus
457 912 499 980 ab
518 913 581 981 hoc
602 911 762 981 Athamas
779 910 911 979 insanos
928 909 1074 980 flecteret
1093 935 1198 981 arcus.

258 1105 262 1114 ,
286 1117 290 1122 .
311 1035 424 1119 Hunc,
439 1034 631 1125 quanquam
647 1035 827 1101 Hectoreos
841 1030 969 1100 cineres
982 1031 1184 1125 Trojamque
1198 1055 1350 1126 perosus
1365 1085 1381 1120 ,

310 1153 473 1222 Turribus
489 1177 507 1220 e
524 1152 676 1246 Phrygiis
694 1150 803 1220 flesset
819 1151 977 1248 missurus
994 1148 1116 1220 Ulixes.

359 1273 506 1367 Septima
522 1270 579 1343 lux
596 1297 604 1340 :
624 1285 657 1340 et
673 1273 743 1366 jam
764 1270 918 1366 frigentia
935 1268 1062 1339 lumina
1079 1284 1234 1365 torpent,

311 1399 385 1465 lam
402 1390 575 1487 complexa
590 1415 691 1460 manu
709 1392 836 1460 crinem
854 1404 945 1460 tenet
962 1390 1069 1460 infera
1085 1394 1185 1460 Juno.

311 1512 374 1583 Ille
391 1528 523 1600 tamen,
541 1513 653 1581 Parcis
669 1509 802 1605 fragiles
818 1510 1012 1605 urgentibus
1029 1535 1155 1595 annos,

312 1636 359 1703 Te
374 1631 471 1702 vultu
487 1633 651 1702 moriente
666 1630 773 1715 videt,
792 1629 973 1725 linguaque
990 1630 1129 1700 cadente

312 1754 504 1822 Murmurat
524 1779 532 1820 ε
553 1754 588 1821 in
606 1749 638 1820 te
653 1775 770 1820 omnes
785 1752 881 1820 vacui
894 1753 964 1845 jam
984 1751 1127 1845 pectoris
1144 1750 1233 1819 efflat

314 1870 496 1966 Relliquias
514 1898 522 1940 :
542 1869 649 1940 solum
666 1871 836 1958 meminit,
853 1869 1027 1963 solumque
1046 1884 1221 1939 vocantem

313 1990 472 2078 Exaudit,
493 1990 619 2086 tibique
636 2015 695 2060 ora
712 2004 838 2079 movet,
859 1990 919 2059 tibi
936 1990 1038 2059 verba
1053 1988 1226 2084 relinquit,

314 2114 357 2183 Et
374 2113 529 2207 prohibet
544 2113 700 2208 gemitus,
719 2109 976 2204 consolaturque
994 2108 1172 2180 dolentem.

314 2234 457 2302 Gratum
474 2237 639 2320 est,Fata,
657 2245 787 2318 tamen,
804 2230 895 2325 quod
912 2256 981 2299 non
1001 2255 1091 2299 mors
1112 2228 1202 2298 lenta
1217 2231 1385 2323 jacentis

315 2351 434 2421 Exedit
451 2349 578 2445 puerile
594 2350 708 2440 decus,
724 2375 905 2445 manesque
922 2353 1046 2421 subivit

315 2474 458 2566 lnteger,
476 2486 509 2539 et
525 2467 620 2540 nullo
640 2485 818 2542 temeratus
835 2497 977 2567 corpora
994 2471 1117 2541 damno
1137 2497 1144 2540 :

315 2590 433 2682 Qualis
450 2588 535 2661 crat!
553 2591 646 2681 Quid
662 2618 724 2688 ego
744 2594 929 2688 exsequias,
947 2606 981 2662 et
996 2592 1135 2687 prodiga
1150 2591 1296 2659 flammis

317 2712 413 2780 Dona
430 2708 560 2804 loquar,
578 2725 762 2805 moestoque
777 2713 928 2782 ardentia
945 2713 1062 2783 funera
1079 2711 1182 2782 luxu?

315 2830 419 2921 Quod
435 2831 495 2900 tibi
512 2856 682 2925 purpureo
700 2834 801 2901 tristis
818 2857 918 2927 rogus
934 2857 1053 2928 aggere
1071 2835 1174 2903 crevit
1193 2858 1201 2900 :

316 2949 418 3041 Quod
435 2948 578 3021 Cilicum
596 2949 709 3039 flores,
725 2951 816 3045 quod
830 2975 970 3020 munera
985 2953 1143 3046 graminis
1158 2951 1252 3038 Indi,

317 3068 482 3164 Quodque
498 3069 640 3159 Arabes,
656 3069 850 3164 Phariique,
866 3068 1095 3165 Palaestinique
1112 3069 1258 3165 liquores

318 3190 479 3259 Arsuram
496 3187 605 3259 lavere
621 3213 762 3258 comam.
781 3190 884 3285 Cupit
900 3191 1013 3258 omnia
1030 3190 1116 3259 serre

317 3306 497 3405 Prodigus,
515 3322 549 3378 et
566 3321 651 3377 totos
668 3305 791 3378 Melior
805 3308 1004 3379 succendere
1022 3334 1154 3395 census,

318 3432 474 3499 Desertae
490 3453 606 3499 exosus
622 3453 717 3524 opes3
733 3428 791 3498 sed
811 3454 879 3498 non
895 3430 984 3524 capit
999 3431 1085 3525 ignis

319 3547 475 3638 Invidus,
490 3562 590 3642 atque
606 3564 704 3619 arcte
721 3549 843 3619 desunt
857 3551 893 3619 in
909 3574 1049 3619 munera
1065 3551 1214 3620 flammae.

319 3667 449 3737 Horror
463 3667 564 3738 habet
579 3693 692 3739 sensus
709 3694 717 3738 :
737 3667 870 3763 qualem
889 3684 922 3739 te
939 3670 1056 3740 firnere
1073 3696 1223 3758 summo,

282 3846 301 3856 ..
320 3788 430 3882 Atque
449 3813 568 3884 rogum
581 3792 696 3884 juxta,
714 3788 836 3859 Melior
852 3788 1070 3884 placidissime
1087 3790 1272 3884 quondam,
1334 3770 1371 3819 ⁰
1448 3828 1460 3849 ·

322 3905 481 3977 Extimui!
500 3922 580 3979 tune
595 3907 651 3979 ille
666 3908 797 3998 hilaris,
815 3910 984 4003 comisque
999 3909 1129 3979 videri?

324 4024 421 4097 Unde
439 4030 556 4117 animi,
575 4054 730 4125 saevaque
748 4055 886 4119 manus,
902 4044 935 4099 et
951 4011 1110 4100 barbarus
1126 4031 1273 4099 horror?
