2934 4950
365 841 570 950 LIBER
605 841 919 950 TERTIUS.

560 1261 720 1286 nnn-*n-

124 1529 197 1659 Ατ
215 1612 285 1657 non
301 1589 417 1659 Aonie
434 1587 627 1661 moderator
646 1589 913 1685 perfidusnnloe,

123 1709 226 1777 Nocte
245 1711 308 1778 sub
326 1711 480 1807 ancipiti,
502 1711 654 1807 quamvis
669 1711 885 1781 humentibus
900 1709 997 1780 oswio
1144 1749 1147 1755 Δ

122 1829 267 1924 longus*
277 1829 321 1899 ad
339 1835 506 1902 Auroram
521 1847 655 1928 superet
672 1831 783 1921 labor,
803 1831 873 1901 otia
889 1829 997 1900 somni

127 1949 255 2046 Accipit
274 1977 283 2020 ε
302 1951 478 2048 invigilant
494 1955 607 2024 animo
635 1953 834 2048 scelerisque
854 1953 962 2048 parati

123 2069 329 2166 Supplicium
345 2089 500 2144 exercent
517 2099 605 2145 cum
622 2097 631 2145 ε
647 2091 730 2145 tunc
747 2073 892 2171 plurima
911 2087 1037 2143 verset·

123 2191 285 2261 Pessimus
304 2195 339 2262 in
361 2194 472 2264 dubiis
491 2219 601 2292 augur
618 2195 745 2264 timor:
767 2195 851 2265 allel
873 2189 969 2264 mihil
988 2190 1126 2280 clamat,

122 2311 218 2382 Unde
232 2313 358 2384 morel
375 2315 469 2411 (nam
486 2341 593 2413 prona
611 2331 720 2407 ratus,
741 2315 938 2410 facilemque
950 2327 1006 2384 tot
1024 2315 1125 2382 ermis

122 2431 246 2528 Tydeo,
266 2460 328 2507 nec
345 2460 486 2508 numero
502 2438 659 2509 virtutem
678 2439 894 2532 animumque
914 2433 1084 2533 rependit)

125 2555 213 2626 Num
230 2560 324 2654 regio
344 2558 476 2629 diversa
493 2558 574 2631 vizel
593 2586 675 2629 nuni
695 2560 814 2630 missus
834 2558 876 2629 ab
896 2560 994 2655 Argis

124 2678 278 2749 Subsidio
298 2678 435 2775 globus?
454 2706 497 2750 an
516 2681 647 2752 sceleris
664 2680 741 2751 data
761 2680 850 2751 fama
870 2704 930 2777 per
946 2680 1046 2749 urbes

123 2800 319 2871 Finitimasl
334 2828 515 2897 paucosne,
532 2820 628 2899 poter
645 2802 815 2891 Gradive,
833 2826 978 2872 manuve

123 2920 278 3017 legimus
297 2920 494 2993 indecores?
510 2939 545 2994 at
564 2925 655 2994 enirn
672 2924 869 2995 fortissimus
890 2920 958 2992 illic

28 3086 31 3089 -
123 3041 163 3109 Et
182 3042 357 3131 Chromis,
376 3058 409 3113 et
428 3044 586 3141 Dorylas,
603 3060 637 3116 et
656 3046 779 3118 nostris
798 3044 947 3115 turribus
966 3043 1052 3138 aequi

124 3162 315 3260 Thespiadae
328 3178 418 3236 totos
437 3183 594 3262 raperent
609 3168 692 3238 mihi
711 3164 863 3237 funditus
883 3170 1001 3261 Argos.

124 3284 189 3354 Nec
208 3302 323 3355 tamen
342 3286 398 3358 ille
416 3289 519 3379 meis,
537 3314 625 3372 reor,
638 3288 902 3385 impenetrabilis
923 3286 1042 3376 armis,

124 3406 196 3475 AEre
212 3432 332 3502 gerens
349 3407 522 3505 solidoque
537 3409 633 3480 datos
651 3409 827 3481 adamante
841 3408 1001 3498 lacertos,

124 3526 266 3597 Venerat
288 3530 381 3600 :heu
401 3528 531 3629 segnes!
551 3557 696 3626 quorum
711 3530 808 3603 lahor
826 3532 929 3601 haeret
946 3532 981 3599 in
1002 3556 1089 3614 uno,

125 3647 158 3713 Si
176 3664 331 3719 conserta
347 3674 476 3723 manus.
487 3682 504 3718 n
517 3654 623 3725 Vario
641 3654 689 3723 sic
706 3651 857 3723 turbidus
873 3669 955 3723 aestu

125 3770 277 3863 lingitur,
292 3794 332 3840 ac
351 3798 422 3873 sese
439 3772 554 3870 culpat
572 3798 673 3870 super
692 3777 827 3863 omnia,
845 3775 986 3869 quinon

127 3888 286 3959 Orantem
303 3892 337 3960 in
355 3890 473 3963 mediis
491 3892 639 3991 legatum
656 3894 796 3964 coetibus
812 3920 890 3965 ense

127 4008 324 4101 Porculerit‚
343 4011 513 4111 foedasque
531 4015 639 4112 palam
659 4018 828 4086 satiaverit
848 4018 924 4087 iras.

128 4128 198 4197 lam
219 4132 321 4225 pudet
342 4136 480 4229 incepti,
499 4136 567 4229 jam
586 4138 723 4230 poenitet
739 4162 746 4205 ε
765 4162 803 4206 ac
824 4135 914 4207 velut
931 4134 987 4205 ille
