2934 4950
204 1033 291 1054 *a

318 417 343 502 'a
679 447 708 500 r.
729 440 852 502 ruam
873 445 993 500 srnrn

329 568 525 665 Amplexum
544 571 657 641 niveos
676 587 797 667 optatae
814 573 963 667 conjugis
981 583 1072 638 artus

324 691 476 761 Floribus
492 693 674 760 innumeris
691 706 724 761 et
742 691 844 762 olenti
863 715 1016 786 spargere
1033 687 1159 758 nimbo.

323 812 375 878 Tu
391 809 491 879 modo
508 809 617 879 l'ronte
633 835 738 898 rosas,
755 810 851 879 violis
865 811 965 880 modo
982 807 1052 876 lilia
1068 807 1171 877 mixta

324 929 472 1023 Excipis,
492 943 525 999 et
541 930 683 999 dominae
699 933 804 1001 niveis
819 956 839 998 a
853 929 998 999 vultibus
1014 929 1137 998 obstas.

372 1053 460 1144 Ergo
477 1049 546 1118 dies
563 1050 676 1119 aderat
692 1054 871 1120 Parcarum
889 1049 1041 1123 conditus
1057 1047 1133 1117 albo

325 1166 471 1257 Vellere,
489 1193 556 1262 quo
573 1167 680 1239 steltae
697 1167 965 1264 Violantillaeque
980 1169 1145 1264 professus

326 1286 534 1357 Clamaretur
548 1293 688 1383 Hymen.
708 1290 837 1359 Cedant
852 1315 1004 1383 curaeque
1021 1302 1208 1383 metusque,

326 1409 463 1476 Cessent
478 1407 653 1478 mendaces
671 1407 799 1502 obliqui
815 1411 969 1478 carminis
985 1423 1090 1496 astus3

326 1530 442 1614 Fama,
458 1541 529 1598 tace
548 1555 556 1597 :
576 1530 675 1599 subiit
693 1527 796 1622 leges,
812 1543 845 1598 et
861 1528 955 1597 frena
968 1528 1149 1598 momordit

326 1646 386 1717 Ille
403 1646 530 1718 solutus
546 1674 664 1718 amor:
683 1663 878 1743 consumpta
895 1663 943 1718 est
958 1646 1070 1717 fabula
1086 1648 1194 1744 vulgi,

327 1772 369 1836 Et
386 1782 519 1837 narrata
536 1768 593 1837 diu
611 1768 767 1837 viderunt
781 1767 893 1838 oscula
908 1769 1005 1838 cives.

327 1889 378 1956 Tu
396 1900 507 1956 tamen
523 1888 701 1975 attonitus,
717 1889 867 1981 quamvis
883 1886 958 1956 data
974 1889 1072 1982 copia
1088 1901 1187 1956 tantae

327 2007 459 2095 Noctis,
475 2005 583 2077 adhuc
600 2020 710 2101 optas,
725 2009 950 2102 permissaque
966 2008 1103 2075 numine
1120 2007 1237 2075 dextro

328 2125 416 2194 Vota
435 2149 543 2220 paves.
561 2130 667 2215 Pone,
683 2152 704 2195 o
720 2125 839 2214 duleis,
856 2127 1010 2221 suspiria,
1026 2141 1133 2213 vates,

327 2247 418 2313 Pone
431 2271 440 2314 ι
451 2259 508 2314 tua
525 2259 583 2314 est.
600 2247 695 2315 Licet
710 2248 896 2339 expositum
915 2270 975 2339 per
990 2243 1093 2314 limen
1110 2259 1227 2338 aperto

328 2365 396 2451 Ire,
413 2364 537 2452 redire,
554 2362 660 2460 gradu
680 2391 687 2433 :
703 2367 773 2460 jam
789 2389 953 2458 nusquam
964 2365 1100 2460 janitor,
1117 2379 1174 2432 aut
1189 2361 1261 2450 lex,

330 2486 399 2552 Aut
414 2484 547 2577 pudor:
566 2484 721 2581 amplexu
737 2486 872 2555 tandem
887 2488 1006 2555 satiare
1024 2488 1135 2580 petitae

329 2606 506 2700 Conjugis,
526 2619 559 2673 et
575 2605 674 2675 duras
689 2608 814 2700 pariter
831 2607 1041 2675 reminiscere
1057 2619 1178 2674 noctes.

329 2724 441 2819 Digna
457 2723 596 2819 quidem
610 2750 750 2814 merces,
768 2727 843 2795 etsi
859 2726 919 2794 tibi
935 2728 1024 2794 Juno
1040 2722 1169 2792 labores

330 2842 526 2931 Herculeos,
546 2846 665 2941 Stygiis
680 2859 714 2914 et
729 2845 758 2913 si
772 2869 969 2914 concurrere
985 2844 1140 2959 mopstris

330 2966 412 3032 Fata
427 2960 603 3051 darent,‘si
621 2968 772 3059 Cyaneos
790 2988 943 3058 raperere
960 2988 1020 3057 per
1036 2977 1140 3031 aestus.

331 3084 426 3152 Ilanc
446 3098 583 3178 propter
595 3086 720 3178 justum
735 3084 838 3153 Pisaea
854 3080 926 3177 lege
942 3097 1138 3153 trementem

333 3206 492 3290 Currere,
511 3215 544 3272 et
559 3204 725 3274 OEnomai
743 3204 891 3272 fremitus
908 3204 1022 3273 audire
1038 3205 1213 3299 sequentis.

332 3326 404 3394 Nec
419 3324 446 3392 si
460 3323 630 3393 Dardania
646 3337 758 3418 pastor
775 3326 969 3394 temerarius
983 3324 1043 3393 Ida

333 3442 496 3531 Sedisses,
512 3444 582 3515 hec
597 3444 686 3514 dona
700 3446 835 3515 forent:
854 3470 916 3513 nec
931 3446 977 3513 sic
993 3441 1081 3515 alma
1096 3470 1156 3538 per
1171 3469 1268 3514 auras

333 3567 380 3635 Te
395 3566 506 3660 potius
521 3590 640 3659 prensa
656 3565 793 3634 veheret
805 3565 962 3634 Tithonia
979 3565 1066 3658 biga.

381 3683 446 3753 Sed
463 3709 536 3779 quae
550 3709 648 3755 causa
664 3699 754 3756 toros
769 3686 973 3779 inopinaque
988 3684 1108 3781 gaudia
1122 3688 1190 3754 vati

336 3802 474 3892 Attulit,
490 3804 545 3873 hic
559 3829 704 3894 mecum,
721 3804 802 3874 dum
820 3806 949 3875 fervent
964 3807 1096 3901 agmine
1111 3820 1221 3899 postes

335 3926 519 4018 Atriaque,
535 3940 567 3995 et
582 3924 688 3996 multa
703 3923 879 4021 pulsantur
894 3924 1010 3995 limina
1025 3928 1134 4021 virga,

336 4044 412 4132 Hic,
427 4047 528 4115 Erato
542 4046 704 4141 jucunda,
721 4046 803 4117 doce
820 4073 828 4116 ε
846 4060 942 4117 vacat
957 4060 1035 4141 apta
1050 4057 1183 4116 morere
