2934 4950
332 313 388 372 238
638 313 850 374 unanimos
870 315 980 376 tmen
1000 311 1067 376 ΧΠ.
1268 323 1308 385 (τ.
1322 327 1399 387 20⁵.)

330 444 420 515 Olim
437 444 492 514 hic
512 443 653 540 virginei
670 459 783 520 eunus
802 447 1015 541 monitorque
1032 445 1188 541 pudoris,

329 567 449 664 Eligit,
470 582 503 636 et
520 587 712 661 quanquam
733 565 843 652 rudis,
860 581 964 662 atque
981 569 1098 664 ignara
1115 568 1295 658 iocorum,

330 692 519 784 Praecipites
538 713 690 786 gressus,
708 713 775 786 qua
793 705 931 760 renuat
949 693 1107 792 Ornitus,
1123 692 1234 774 affert.

328 820 439 909 Atque
461 816 518 884 ubi
535 816 604 884 visa
623 812 741 910 procui
760 817 865 884 socies
884 813 1020 908 liquisse
1036 814 1199 884 malorum
1220 842 1228 882 :

376 969 394 1004 a
408 943 521 1028 Anne,
542 941 606 1028 ait,
624 934 843 1033 hostiles‘ego
859 951 892 1006 te
911 935 1044 1006 labente
1064 918 1125 1031 per
1141 962 1258 1032 agros,

327 1067 402 1134 Heu
421 1058 530 1132 dolor!
550 1076 755 1156 exspectem,
771 1081 926 1155 queam
946 1061 1110 1130 sententia
1130 1059 1212 1129 ienti

325 1185 491 1256 Theseos?
508 1208 551 1254 an
569 1183 657 1254 bollo
675 1205 849 1278 proceres,
868 1181 1044 1253 audenter
1062 1208 1202 1279 aruspex

325 1306 483 1382 Annuat?
502 1309 628 1376 interea
646 1305 747 1375 funus
765 1303 928 1374 decrescit
949 1329 957 1372 τ
975 1317 1009 1373 et
1022 1307 1119 1376 uncis

326 1431 469 1504 Alitibus
489 1455 558 1498 non
577 1430 639 1500 hoe
657 1427 769 1525 potius
784 1429 1004 1524 supponimus
1021 1428 1136 1497 artam?

325 1558 369 1623 Et
386 1576 476 1622 nuuc
493 1576 546 1620 me
562 1549 698 1638 duram,
716 1551 744 1619 si
762 1551 837 1644 quis
854 1550 917 1619 tibi
936 1575 1071 1639 sensus,
1088 1548 1131 1618 ad
1151 1551 1296 1620 umbras

325 1680 383 1746 Me
403 1673 532 1745 tardam
552 1674 701 1769 quereris
717 1672 855 1768 Stygiis,
876 1671 1051 1762 fidissime,
1068 1653 1174 1743 Divis.

325 1801 400 1868 Heu
415 1799 442 1866 si
462 1775 571 1867 nudus
589 1795 729 1883 adhuc,
740 1797 807 1864 heu
827 1769 940 1888 sijum
958 1793 1045 1863 forte
1063 1794 1233 1890 sepultus,

324 1923 486 1992 Nostrum
504 1934 684 2013 utrumque
702 1918 794 1987 neus
813 1943 821 1986 ε
842 1916 925 1987 adeo
945 1918 995 1985 vis
1016 1914 1110 1986 nulia
1129 1915 1276 2007 dolenti,

275 2023 276 2026 Ἴ
324 2047 417 2113 Mors
435 2065 617 2136 nusquam,
635 2065 806 2135 saevusque
822 2040 934 2112 oreon
949 2063 958 2107 ε
974 2039 1121 2110 hortaris
1145 2043 1307 2130 euntem,

324 2167 454 2236 Ornite.
470 2197 486 2231 a
505 2167 561 2250 Sic
579 2164 692 2234 dicens
707 2167 831 2259 magno
848 2164 1016 2259 Megareia
1033 2186 1184 2260 praeceps

323 2293 412 2357 Arva
425 2273 520 2383 'rapit
539 2311 664 2382 passu:
685 2273 893 2356 demonstrat
910 2288 1062 2381 proxima
1081 2287 1233 2382 quisquis

324 2411 470 2501 Obvius,
488 2410 719 2505 horrescitque
739 2408 894 2498 habitus,
911 2409 1133 2505 miseramque
1150 2424 1301 2481 veretttr.

322 2530 427 2602 Vadit
446 2546 540 2602 atrox
558 2532 650 2621 visu,
672 2556 733 2602 nec
749 2502 946 2621 corde,⁸nec
962 2556 1043 2601 aure
1062 2556 1262 2626 pavescens,

321 2658 366 2723 Et
386 2654 498 2723 nimiis
515 2652 642 2723 confisa
658 2650 769 2743 maiis,
784 2652 989 2749 propiorque
1009 2654 1129 2723 timeri.
1166 2742 1171 2749 .

322 2778 427 2845 Nocte
445 2772 537 2845 velut
554 2776 699 2871 Phrygia
720 2800 825 2869 quum
845 2772 1026 2845 lamentata
1044 2774 1208 2846 resultant

321 2896 507 2993 Dindyma,
522 2897 665 2993 pinigeri
683 2896 814 2992 rapitur
832 2896 1010 2967 Simoentis
1029 2896 1072 2966 ad
1090 2924 1224 2970 amnem

321 3020 401 3088 Dux
420 3043 541 3088 vesana
562 3018 674 3107 chori,
690 3018 1057 3117 cujus‘Dea‘sanguine
1075 3019 1161 3090 lecto

319 3122 394 3235 Ipsa
413 3139 504 3211 dedit
521 3140 663 3228 ferrum,
680 3155 714 3209 et
730 3141 849 3211 victua
865 3140 1132 3224 fiontenotavia

367 3266 440 3333 dam
457 3277 552 3363 pater
574 3236 947 3358 Hesperioflagrantem
966 3266 1097 3359 gurgite
1115 3290 1255 3336 currum

218 3395 220 3401 ’
318 3385 500 3455 Abdiderat
516 3386 632 3473 Titan,
648 3380 721 3454 aliis
740 3383 908 3455 rediturus
928 3384 970 3455 ab
989 3386 1102 3476 undis,

317 3490 431 3596 Quum
449 3524 560 3575 tamen
579 3502 636 3576 illa
653 3508 787 3602 gravem
801 3502 899 3576 'luctu
915 3504 1050 3578 fallente
1068 3508 1216 3581 laborem

316 3628 430 3699 Nescit
449 3629 554 3698 abisse
575 3628 660 3698 diem
683 3654 690 3697 ι
712 3654 774 3698 nec
788 3627 1008 3725 caligantibus
1026 3633 1114 3701 arvis

315 3753 483 3838 Terretur,
503 3775 565 3819 nec
583 3750 709 3846 frangit
727 3752 802 3834 iter,
822 3774 881 3845 per
898 3766 932 3821 et
949 3753 1041 3823 invia
1059 3776 1157 3842 saxa,

199 3956 203 3964 .
316 3874 548 3966 Lapsurasque
569 3870 702 3957 trabes,
719 3896 1099 3969 nemorumquearcaua
1119 3902 1236 3948 sereno

315 3996 420 4089 Nigra
435 3992 505 4080 die,
524 3994 682 4089 caecisque
702 3996 806 4064 incisa
829 3995 961 4066 novalia
977 3996 1090 4085 fossis,
1183 4040 1188 4049 ·
