2934 4950
83 428 115 476 (v.
130 429 181 490 aa.)
275 421 398 476 VERBA
418 419 591 476 actubus
612 420 652 476 ΙΝ
673 417 941 476 PARTHENONE.
1070 419 1124 488 357

81 535 298 628 Semiserique
316 537 435 604 animis
452 533 562 606 recolo
579 551 744 631 precepta
760 539 927 630 magistri,

82 659 153 726 Nec
171 681 312 752 puerum
332 658 444 726 decuit
459 657 613 728 muliebri
629 673 764 754 pectora
780 658 879 754 peplo

81 779 241 867 Induere,
261 794 294 848 et
309 795 455 850 teneram
470 803 584 874 gressu
603 780 760 851 simulam
778 780 932 877 puellam.

81 903 184 972 Nunc
198 902 302 996 igitur
315 927 463 973 crescens
479 901 577 972 annis
594 905 779 998 sapientior
795 917 874 973 aetas

81 1025 228 1093 Devovit
244 1027 362 1113 Marti,
382 1027 491 1096 tenuit
505 1051 579 1121 quae
596 1027 699 1096 corda
715 1024 870 1122 Cupido,

81 1145 349 1244 Belligerumque
357 1152 466 1219 Qum
473 1173 576 1242 quum
587 1175 680 1218 mens
689 1163 762 1219 tum
771 1149 920 1218 membra
930 1163 1126 1243 sequunttrt.

81 1273 232 1341 Stamina
250 1271 436 1366 linquentes
457 1286 595 1341 currant
613 1271 656 1340 ad
677 1270 805 1365 spicula
822 1270 957 1367 palmae,

80 1393 345 1488 Terrilicumque
365 1407 466 1489 caput
485 1393 619 1489 praelixa
635 1393 762 1462 casside
780 1394 914 1462 mitram

81 1514 203 1602 Pellat,
223 1529 256 1585 et
272 1516 307 1584 in
328 1514 441 1608 gracili
462 1515 664 1584 decorentur
683 1529 834 1609 tempora
850 1515 957 1604 ferro3

80 1641 183 1706 Arma
201 1651 314 1730 tegant
330 1651 481 1705 nostrum
500 1636 726 1730 potiusquam
743 1659 887 1730 suppara
904 1659 1040 1731 corpus3

80 1762 107 1827 Α
128 1755 201 1827 telis
215 1758 263 1829 ad
277 1757 342 1827 tela
351 1758 451 1828 decet
471 1760 611 1827 nansire
626 1759 817 1852 juventam,

81 1885 195 1974 Atque
215 1882 323 1950 hostes
339 1879 451 1974 gladio
467 1903 567 1974 quam
586 1878 678 1949 lanas
696 1879 835 1950 luiadere
850 1879 943 1961 firso;

78 2005 208 2072 Tenuis
227 2001 337 2073 loricae
352 2003 472 2073 cedant
488 2001 637 2072 multicia
656 2000 753 2088 lorti,

78 2124 261 2219 Splendeat
277 2141 310 2194 et
327 2139 441 2220 raptus
460 2127 608 2220 projecto
627 2127 759 2219 pectine
772 2149 905 2212 mucro;

79 2249 268 2315 Contemtis
284 2247 385 2314 radiis
399 2262 581 2316 onerentur
595 2247 731 2315 brachia
750 2245 836 2340 pilis.

78 2367 204 2439 Clausa
221 2366 280 2435 diu
299 2365 445 2436 thalamo
463 2367 640 2437 reddamus
658 2382 794 2464 pectora
808 2390 950 2463 campo:

79 2491 257 2560 Praesumit
276 2504 399 2558 certam
417 2491 523 2559 virtus
543 2490 605 2559 sibi
621 2492 755 2559 conscia
772 2487 934 2585 palmam,

78 2617 130 2682 Ac
148 2612 266 2682 dubios
284 2613 407 2706 gaudet
422 2611 568 2707 perferre
584 2614 736 2681 interrita
753 2635 859 2682 casus.
907 2706 910 2714 1

82 2732 139 2804 Nil
154 2750 279 2803 metuat
296 2737 354 2828 qui
367 2758 488 2827 magna
505 2736 599 2828 cupit
616 2758 624 2803 :
643 2735 831 2803 constantia
844 2736 966 2803 mentis

81 2860 161 2925 Fata
175 2856 303 2941 domat3
321 2880 382 2924 nec
395 2855 464 2949 jam
485 2858 571 2951 potis
584 2870 635 2925 est
650 2859 800 2925 Fortuna
814 2880 934 2926 nocere

79 2982 205 3048 Securo
224 2980 354 3066 mortis,
373 2980 426 3047 cui
448 3001 515 3046 non
536 2993 615 3047 sunt
633 2975 719 3047 bella
737 2979 858 3046 timori.

80 3100 236 3169 Fortibus
251 3126 317 3170 una
333 3101 412 3169 viris
429 3099 609 3196 parilisque
626 3126 686 3196 per
704 3102 817 3168 omnia
836 3124 908 3169 sors
921 3115 989 3189 est,

79 3227 147 3291 Aut
160 3221 276 3317 palmae
293 3239 351 3292 aut
369 3222 425 3292 leti
445 3222 629 3318 pugnando
643 3223 820 3317 adquirere
838 3219 981 3291 laudem.

79 3348 225 3413 Cernere
238 3346 308 3438 jam
326 3345 452 3431 videor,
471 3360 597 3438 quanta
614 3346 765 3416 mercede
784 3346 913 3415 cruoris

79 3468 256 3535 Constabit
273 3483 388 3564 raptus
404 3469 516 3539 Paridi
536 3470 728 3565 crimenque
737 3471 872 3565 jacenti.

79 3589 189 3660 Obvia
207 3591 359 3659 cristatus
376 3616 480 3684 quum
501 3594 658 3687 sparserit
674 3595 808 3683 agmina
825 3609 955 3682 vertex,

78 3716 120 3780 Et
139 3709 210 3780 solo
227 3712 384 3808 adspectu
402 3713 600 3785 claudentur
618 3717 778 3807 Pergama
796 3732 928 3803 nostro,

78 3836 260 3928 Quumque
277 3861 384 3906 novus
399 3837 489 3907 lusos
505 3835 644 3907 bellator
660 3836 779 3907 fudero
792 3838 938 3909 Teucros
954 3865 963 3907 ε

78 3960 115 4025 M
119 3956 185 4025 ulta
205 3958 311 4028 trahet
331 3960 458 4029 Xanthi
477 3961 621 4055 Trojana
639 3960 799 4030 cadavera
819 3984 957 4055 gurges,
