2934 4950
346 781 402 886 P.
434 783 490 888 P.
523 783 770 888 STATII

223 1121 889 1296 SILVARUM
981 1297 988 1306 .

426 1519 599 1604 LIBER
631 1518 706 1603 III.

493 1835 648 1854 ιΔ---ιυ---ι-

321 2057 507 2125 STATIUS
530 2057 699 2126 POLLIO
725 2059 814 2126 SUO

528 2201 601 2247 san.

65 2396 149 2528 Tiar
170 2472 276 2547 certe,
292 2454 379 2529 Polli
403 2455 606 2545 dulcissime,
627 2470 660 2526 et
677 2457 757 2545 hac,
779 2459 835 2529 cni
860 2474 929 2528 tam
947 2458 1089 2530 fideliter

66 2576 198 2669 iuberes,
220 2579 333 2674 quiete
358 2577 567 2674 dignissime,
584 2601 652 2647 non
676 2577 784 2648 habeo
805 2578 1012 2673 probandam
1030 2580 1088 2649 diu

67 2694 239 2769 libellorum
261 2700 403 2769 istorum
422 2698 664 2785 temeritatem,
679 2722 785 2792 quum
807 2700 890 2768 scias
910 2698 1034 2769 multos
1048 2724 1090 2769 ex

66 2814 118 2887 illis
131 2822 162 2887 in
180 2822 255 2889 sinu
271 2833 331 2888 tuo
342 2818 451 2888 subito
467 2832 574 2907 natos,
584 2831 617 2887 et
630 2817 719 2888 hanc
734 2817 908 2887 audaciam
924 2816 991 2887 stili
1013 2843 1090 2888 nos·

67 2940 100 3003 tri
117 2938 306 3034 nequenter
324 2961 504 3035 expaveas,
522 2938 652 3033 quoties
674 2939 708 3005 in
730 2935 819 3007 illius
842 2937 1004 3009 facundiae
1025 2953 1089 3009 tuae

67 3057 218 3148 penetrale
230 3059 403 3145 seductus,
417 3057 514 3129 altius
531 3058 658 3128 litteras
672 3060 776 3149 intro,
794 3060 875 3129 etin
891 3084 1007 3127 omnes
1023 3074 1090 3129 ate

69 3178 236 3250 studiorum
263 3182 356 3250 sinus
372 3178 487 3248 ducor.
509 3181 653 3249 &curus
674 3181 785 3273 itaque
807 3180 925 3249 tertius
945 3180 1001 3248 hic
1025 3178 1090 3248 Sil·

69 3320 168 3369 varum
184 3314 376 3369 nostrarum
397 3298 481 3369 liber
494 3298 536 3368 ad
553 3313 586 3368 te
600 3300 755 3368 mittitur.
766 3300 939 3369 Habuerat
953 3298 1089 3393 quidem

70 3431 94 3483 et
109 3420 268 3490 secundus
287 3433 428 3505 testem3
444 3418 501 3489 sed
518 3419 573 3489 hic
592 3418 695 3488 habet
708 3433 888 3489 auctorem.
941 3458 944 3461 ⁴

105 3542 183 3609 Nam
204 3542 352 3636 primum
377 3538 479 3609 limen
501 3539 572 3634 ejus
593 3539 752 3609 Hercules
775 3542 993 3610 Surrentinus
1010 3566 1089 3635 ape

71 3658 115 3745 rit,
129 3687 225 3755 quem
240 3664 276 3731 in
297 3659 394 3730 litore
412 3674 470 3731 tuo
482 3674 730 3746 consecratum,
747 3663 859 3730 statim
872 3677 912 3731 ut
925 3661 1089 3749 videram,

69 3776 262 3852 iuvenibus
277 3780 425 3851 adoravi.
444 3781 603 3876 Sequitur
617 3777 762 3867 libellus,
779 3806 851 3876 quo
864 3780 1090 3876 splendidissi-

71 3922 145 3970 mum
166 3918 201 3972 et
224 3903 305 3973 mihi
322 3901 602 3997 jucundissimum
623 3902 803 3995 juvenem,
822 3904 967 3972 Matium
994 3902 1091 3973 Cele-

71 4042 180 4110 rem,a
207 4025 430 4095 sacratissimo
458 4026 664 4117 Imperatore
694 4024 830 4092 missum
857 4023 897 4092 ad
922 4021 1088 4119 legionem

73 4140 229 4235 Syriacam,
241 4170 310 4237 qna
324 4146 419 4237 sequi
438 4168 503 4212 non
519 4156 724 4236 poteramus,
738 4144 784 4213 sic
795 4160 989 4238 prosecutus
1004 4168 1088 4214 sum.

913 4262 944 4334 5.
