2934 4950
92 469 195 530 (ιω.)
402 469 614 528 sumimus
635 470 746 528 uum
766 473 801 528 11.
1080 489 1137 545 209

92 599 267 664 Assuerere
280 596 391 690 jugo:
414 569 519 692 pudet
536 594 616 666 heu!
636 595 823 693 plebisque,
843 609 1062 690 patrumque,

91 714 136 781 Ne
152 715 251 784 toties
270 716 399 788 incerta
416 718 541 806 lerant,
557 733 757 813 mutentque
776 732 944 813 gementes

90 839 247 932 Imperia,
264 853 298 909 et
315 839 419 909 dubio
434 841 548 934 pigeat
565 863 682 934 parere
702 855 859 934 tyranno.

91 962 161 1030 Nou
178 963 290 1057 parcit
305 960 440 1057 populis
457 986 599 1057 regnum
618 962 719 1032 breve
736 988 745 1032 τ
763 962 889 1056 respice
905 975 1050 1056 quantus

91 1085 224 1172 Horror,
243 1097 278 1152 et
294 1084 432 1153 attoniti
450 1071 567 1152 nostro
588 1086 623 1152 in
641 1082 834 1153 discrimine
852 1084 950 1152 eires.

90 1207 195 1274 Hosne
210 1228 292 1299 ego,
307 1205 383 1299 quls
397 1219 488 1274 certa
502 1220 553 1275 est
566 1205 630 1274 sub
645 1220 679 1274 te
695 1203 781 1274 duce
795 1229 912 1299 poena,
926 1202 1134 1298 relinquam?

89 1328 209 1414 iratus,
230 1350 404 1422 germane,
426 1327 521 1396 venis
534 1326 612 1396 :lac
634 1325 735 1417 velle,
753 1351 814 1396 nec
831 1327 895 1421 ipsi

90 1443 136 1536 (Si
152 1446 255 1517 modo
274 1463 374 1517 notus
394 1472 503 1538 amor,
521 1449 700 1543 meritique
718 1463 769 1518 est
785 1445 912 1544 gratia)
929 1461 1042 1542 putres

90 1565 237 1638 Reddere
253 1594 357 1664 regna
377 1571 497 1639 sinent.
508 1599 526 1634 a
545 1571 624 1640 Non
645 1569 734 1639 ultra
751 1594 883 1665 passus,
900 1582 935 1638 et
950 1591 1025 1640 orsa

88 1689 198 1782 injecit
215 1689 333 1761 mediis
354 1690 565 1760 sermonibus
584 1690 709 1761 obvia:
727 1688 901 1776 «Reddes,

23 1902 24 1915 ἵ
88 1809 288 1906 ingeminat,
309 1812 454 1882 reddes:
477 1837 546 1882 non
564 1815 592 1882 si
616 1829 649 1882 te
668 1812 797 1882 ferreus
816 1835 920 1910 agger

23 2022 24 2025 Ἴ
89 1927 235 2020 hmhint}
257 1949 316 2003 aut
333 1932 481 2030 triplices
498 1933 565 2004 alio
581 1935 645 2004 tihi
663 1936 811 2006 carmine
827 1959 942 2004 muros
1083 1933 1086 1939 “

87 2054 248 2147 Amphion
264 2054 399 2126 auditus
419 2072 498 2151 agat
514 2042 590 2126 :nil
609 2057 691 2147 tela,
706 2083 769 2128 nec
786 2060 879 2154 ignes

88 2173 298 2264 Obstiterint,
321 2179 403 2270 quin
421 2202 503 2249 ausa
523 2177 613 2268 luas,
632 2181 824 2274 nostrisque
842 2180 905 2252 suh
924 2181 1025 2250 armis

88 2275 223 2390 captivo
240 2298 464 2368 moribundus
482 2299 625 2370 humum
644 2300 834 2370 diademate
854 2299 975 2396 pulses.

86 2416 134 2485 Tu
150 2419 270 2488 merito
288 2443 297 2488 t
313 2434 364 2489 ast
379 2420 502 2491 horum
519 2422 674 2510 miseret,
694 2445 779 2518 quos
795 2423 961 2518 sanguiue
980 2419 1062 2493 viles
1069 2472 1083 2523 ,Ι

88 2539 289 2634 Conjugihus
307 2544 461 2636 natisque
477 2543 613 2614 infanda
630 2522 678 2615 ad
694 2544 812 2640 proelia
829 2557 959 2639 raptos,

88 2660 217 2754 Projicis
236 2662 381 2751 excidio,
400 2664 490 2734 boue
507 2690 565 2735 rex
582 2693 591 2735 ε
608 2690 629 2735 ο
648 2679 775 2761 quanta
793 2664 966 2735 Citheron

87 2784 222 2873 Funem,
241 2786 502 2880 sanguineisque
520 2786 631 2875 vadis,
648 2790 798 2875 Ismene,
817 2782 963 2857 rotabis!
986 2796 988 2799 ’

88 2902 159 2973 lies
176 2907 297 2999 pietas,
316 2907 387 2977 haec
406 2931 530 3004 magna
547 2906 650 2979 fides!
669 2934 734 2980 nec
747 2910 887 2979 crimina
904 2908 1012 3003 gentis

88 3025 168 3095 Mira
184 3027 338 3123 equidem
354 3028 463 3114 duco;
481 3031 530 3100 sic
547 3032 678 3126 primus
696 3032 869 3128 sauguinis
890 3044 1020 3115 auctor,
1054 3041 1064 3102 l

89 3143 266 3242 lnnestique
275 3142 428 3243 'patrum'
437 3148 595 3238 thalami3
613 3151 673 3221 sed
693 3151 779 3243 fallit
793 3154 908 3246 origo:

89 3267 271 3361 OEdipodes
288 3282 327 3337 tu
341 3266 433 3339 solus
449 3273 513 3339 eris
534 3297 542 3340 :
561 3271 632 3341 haec
650 3275 789 3367 praemia
805 3298 939 3343 morum

88 3390 131 3455 lc
150 3386 298 3477 sceleris,
316 3388 485 3481 violente,
499 3390 586 3463 feres
604 3419 612 3461 :
632 3418 695 3463 nos
707 3396 877 3489 poscimus
893 3418 1030 3464 annum.

89 3508 148 3577 Sed
162 3536 312 3582 moror.»
334 3515 414 3581 Hes
430 3513 540 3582 audax
560 3516 746 3584 etiamnum
766 3513 938 3585 in'liminc
958 3528 1050 3583 retro

87 3626 290 3722 vociferans,
307 3634 378 3727 jam
398 3649 480 3705 tuuc
499 3633 645 3729 impulsa
662 3660 723 3730 per
740 3636 872 3732 agmina
892 3660 1054 3731 preceps,

87 3749 204 3823 Evolat
222 3756 352 3825 OEneoe
371 3755 491 3825 vindex
512 3758 559 3825 sic
574 3754 631 3825 ille
647 3757 765 3827 Dianae

87 3872 215 3946 Erectus
233 3879 327 3963 setis,
346 3891 382 3946 et
397 3876 537 3947 adunco
552 3875 693 3946 fulmine
707 3878 819 3969 male,
955 3940 958 3947 ,

88 3992 191 4080 Quum
210 4012 378 4094 premeret
397 3997 538 4093 Pelopea
559 3998 722 4095 phalanx,
744 4026 820 4071 saxa
846 4002 945 4073 obvia
969 3998 1124 4091 volvens,

86 4114 256 4215 fractaque
275 4118 434 4216 perfossis
451 4122 587 4193 arbusta
605 4121 766 4193 Acheloia
781 4124 882 4222 ripis,

82 4237 85 4241 Α
217 4267 239 4313 ¹·
924 4250 965 4331 u
