2934 4950
329 729 858 838 ADNOTATIONES

109 1079 171 1162 lN
193 1081 241 1164 P.
269 1079 484 1164 PAPlNll
506 1077 689 1164 STATll
714 1077 1065 1168 THEBAIDEM.

508 1379 661 1397 ·-·‘-

442 1615 483 1672 nt
503 1615 653 1672 LIBRUM
673 1617 723 1672 IV.

98 1782 269 1836 Adversoe...
283 1781 384 1836 Dirces
402 1777 442 1855 (v.
453 1779 492 1856 ⁸).
506 1779 640 1853 Optimus
656 1779 704 1840 illc
718 1782 848 1840 omnium
863 1793 893 1840 et
908 1782 1115 1844 vetustissimus

57 1873 124 1930 cod.
141 1872 270 1944 Boethii,
288 1893 374 1948 quem
393 1872 425 1929 in
441 1873 498 1930 hoc
512 1872 659 1930 volumine
673 1872 901 1952 significabimus
917 1875 1020 1935 litteris
1034 1877 1112 1946 MB,

56 1987 124 2023 cum
141 1969 195 2024 PR
207 1987 218 2024 .·
229 1969 343 2026 Αοιιία.

100 2065 293 2138 Innuptoeque
305 2058 345 2140 (v.
363 2057 420 2139 16).
435 2059 568 2136 Aptiores
576 2061 708 2138 profecto
721 2059 770 2118 hic
786 2062 884 2122 terent
894 2075 1010 2138 nepte,
1022 2073 1051 2120 et
1063 2063 1115 2121 hes

56 2155 191 2228 praebent
206 2157 274 2228 tm,
287 2154 429 2214 terrensis
442 2165 471 2212 et
485 2158 550 2212 Pnt.

102 2250 319 2324 Manantesque
332 2251 427 2306 oculor
440 2247 508 2304 laec
520 2250 618 2304 oreada
632 2245 794 2325 turbatust.
809 2249 869 2327 27).
883 2251 972 2307 Recte
984 2251 1116 2309 distinxit

59 2343 119 2398 haec
140 2342 228 2399 etiam
242 2329 399 2414 weber-us,
414 2360 480 2396 cum
493 2342 546 2398 hec
559 2351 629 2398 note
645 2361 652 2399 :
667 2365 680 2392 s
690 2344 796 2400 Oscula
809 2353 876 2398 sunt
892 2344 1114 2403 valedictionest

60 2436 189 2509 primum
207 2435 294 2494 dolor
314 2431 513 2493 valedictionis
532 2434 631 2491 turbat
651 2437 769 2507 oculos,
785 2434 827 2493 ite
847 2446 881 2493 nt
900 2437 1032 2514 lacrymis
1048 2457 1114 2496 ma-

59 2542 130 2587 nent
158 2528 319 2607 (manantes
340 2530 450 2587 dictum
468 2548 522 2604 per
542 2526 726 2607 prolepsim),
747 2529 853 2587 deinde
877 2529 963 2587 etiam
983 2543 1115 2608 aspectus

59 2636 159 2681 vastus
181 2623 268 2681 maris
288 2620 395 2701 (caligo
416 2621 656 2699 longinquitatem
675 2620 827 2701 significat)
847 2640 855 2677 ε
876 2621 1115 2697 nescientem,

60 2736 130 2773 num
148 2708 286 2773 abeuntes
300 2716 422 2773 redituri
436 2716 529 2772 sint.»

103 2814 193 2869 Stant
212 2825 307 2869 tornea
324 2809 362 2889 (v.
386 2808 444 2889 31).
463 2810 579 2867 Summa
597 2808 703 2882 injuria
717 2810 794 2867 hune
813 2829 927 2867 versum
946 2808 1024 2884 ejicit
1043 2812 1115 2866 Bar-

61 2906 154 2977 thius;
172 2925 231 2981 qno
255 2906 326 2962 nihil
344 2906 390 2961 vel
406 2904 501 2979 aptius
520 2903 570 2979 vel¹
587 2904 675 2979 magis
693 2903 883 2961 necessarium
904 2903 942 2961 ad
963 2921 1117 2978 compara-

66 3000 176 3057 tionem
203 2999 246 3057 rei
270 3010 391 3057 nerratae
423 2996 704 3057 accommodandam.
725 2999 829 3073 Neque
848 2997 879 3053 in
905 3016 939 3054 ea
963 2995 1116 3054 initialium

62 3094 274 3149 vocabulorum
287 3092 458 3168 repetitione
471 3091 530 3147 haec
546 3089 608 3165 ipsa
626 3090 741 3148 omissio
761 3090 792 3147 in
804 3094 875 3169 Reg.
894 3110 905 3145 1
927 3090 1002 3147 lacta
1017 3100 1117 3147 aucto·

63 3185 155 3243 ritatis
169 3186 277 3262 aliquid
290 3188 387 3245 habet.

103 3286 195 3337 Amza
217 3282 343 3355 manipli
356 3278 541 3352 Ponefimnt
553 3276 591 3357 (v.
617 3276 674 3363 41).
694 3279 797 3336 Markl.
816 3277 854 3335 ad
867 3279 930 3336 Sile.
944 3298 972 3351 r,
992 3297 1024 3350 n,
1045 3274 1111 3349 154,

66 3373 140 3446 conj.
156 3392 165 3427 ι
180 3374 311 3429 mrieirtri.

103 3468 355 3522 Lacedaemcm'um
379 3465 471 3539 Tityre
488 3469 593 3521 lectura
608 3484 732 3521 eruorem
746 3463 785 3543 (r.
800 3464 859 3541 48).
883 3465 918 3520 In
931 3463 1117 3521 Lacedaemo-

66 3558 181 3615 nicrum
196 3569 225 3615 et
237 3558 412 3643 Argivorum
427 3550 462 3614 de
481 3558 600 3634 'lllyreae
614 3558 694 3615 urbis
715 3557 894 3632 possessione
913 3553 1116 3614 certaminibus

69 3653 231 3728 Othryades
245 3655 415 3727 spartanus,
432 3672 524 3727 quum
537 3652 636 3730 Argivi
650 3651 705 3708 sibi
723 3651 893 3708 riderentur
903 3650 1021 3722 vicisse,
1035 3650 1116 3728 gravi

68 3749 186 3805 vulnere
207 3748 294 3819 ictus,
309 3757 469 3821 «excepto,
488 3758 641 3822 antequem
657 3744 780 3802 eninm
801 3745 960 3817 mulera,
978 3742 1117 3822 sangnine

68 3840 195 3915 trophaea
215 3840 299 3914 jussit
325 3839 434 3911 attolli,
456 3840 611 3915 inquibus
634 3838 743 3915 digito,
764 3838 904 3915 sangnine
926 3837 1035 3911 oblito,
1057 3838 1117 3895 hee

69 3935 201 4011 scripsit:
218 3943 294 3998 κατὰ
313 3935 419 4015 lwetot
434 3942 549 4014 Σπάρτας
567 3930 894 4013 eplecru.»·1ucr.,ubi
907 3950 998 4008 greca
1015 3950 1118 3988 corrn-

70 4029 204 4101 ptissima.
220 4030 292 4087 Cod.
308 4028 393 4085 Paris.
409 4048 416 4084 ε
431 4028 510 4083 hato.
527 4047 575 4101 ap.
591 4041 678 4083 tenne.
692 4027 751 4082 Pia
770 4027 833 4099 Tap
844 4024 909 4096 Bjo.
922 4026 960 4082 N.
974 4024 1089 4081 stobaeo
1109 4045 1116 4081 τ

73 4128 262 4203 Λακεδαιμόνιοι
277 4136 335 4183 κατ’
352 4120 458 4201 Ᾰργιὶων
477 4120 650 4181 Plutarcho:
669 4125 707 4179 Διῒ
724 4127 899 4198 rpoeeeepo'pep.
912 4116 1024 4175 Deinde
1046 4118 1119 4189 Thy-
