2934 4950
99 468 131 529 (i.
147 465 217 521 ως.)
392 459 645 519 nuunnnrnos
664 459 779 516 unna
799 461 837 516 n.

99 587 261 663 Otimorl
280 588 422 682 eripitur
442 587 570 656 miserae
589 586 769 680 permissus
783 584 938 657 Achilles.

93 720 130 804 l,
152 711 366 806 nequeenim
389 722 499 778 tantos
518 709 625 778 ausim
643 733 802 778 revocare
818 724 974 803 paratus,

96 841 132 920 1,
147 849 281 920 cautuS,
300 855 360 900 nec
380 855 465 900 vana
480 829 602 898 Thetin
624 832 773 902 timuisse
793 845 971 902 memento.

95 961 113 1025 I
131 953 227 1039 felix,
244 970 423 1045 nosterque
439 950 510 1020 redi
526 977 533 1018 :
549 952 647 1020 nimis
661 951 814 1047 improba
831 978 942 1046 posco.

94 1081 171 1146 lam
189 1091 222 1144 te
242 1074 441 1168 spectabunt
461 1070 614 1166 lacrymis
631 1071 836 1169 planctuque
851 1073 979 1144 decorae

94 1196 261 1282 Troades,
279 1195 512 1291 optabuntque
530 1196 596 1264 tuis
613 1195 693 1264 dare
709 1194 795 1266 colla
811 1194 961 1286 lacertis,

93 1323 141 1388 Et
158 1319 300 1412 patriam
319 1340 459 1410 pensare
478 1319 558 1384 toris
578 1342 585 1384 τ
603 1331 661 1386 aut
677 1318 752 1412 ipsa
769 1315 913 1412 placebit

94 1439 283 1534 Tyndaris,
300 1439 424 1506 incesta
440 1438 584 1506 'nimium
599 1436 734 1508 laudata
752 1440 879 1535 rapina.

95 1568 163 1630 Ast
181 1583 242 1655 ego
264 1557 315 1627 vel
332 1561 449 1653 primae
466 1556 605 1653 puerilis
624 1559 740 1629 fabula
759 1560 866 1655 culpae

93 1683 272 1754 Narrebor
292 1679 440 1768 famulis,
460 1695 519 1749 aut
534 1680 742 1753 dissimulata
760 1680 881 1752 latebo.

93 1805 192 1894 Quin
213 1827 293 1899 age,
309 1802 376 1872 duc
393 1804 549 1872 comitem
569 1829 577 1871 :
597 1828 658 1872 cur
673 1829 743 1879 non
761 1830 824 1900 ego
840 1806 964 1873 Martia
987 1821 1096 1873 tecum

94 1927 202 2020 Signa
218 1923 345 1994 feram?
364 1939 402 1992 tu
423 1948 524 2019 pensa
542 1947 664 2014 manu,
687 1926 901 2018 Baccheaque
920 1950 1050 1994 mecum

95 2051 221 2136 Sacra,
241 2045 332 2140 quod
351 2044 464 2114 infelix
483 2071 552 2114 non
567 2038 680 2115 credet
696 2047 812 2140 Troja,
831 2045 948 2118 tulisti.

95 2180 254 2242 Attamen
275 2168 385 2255 hunc,
402 2191 501 2261 quem
520 2183 634 2236 moesta
651 2168 734 2236 mihi
752 2165 871 2238 solatia
887 2167 1027 2263 linquis,

96 2295 202 2360 Hunc
217 2287 334 2358 saltem
352 2289 414 2358 sub
435 2287 535 2357 corde
553 2304 628 2356 tene
647 2313 656 2356 ι
676 2303 710 2357 et
727 2288 874 2358 concede
891 2292 1040 2383 precanti

95 2415 175 2482 Hoc
193 2408 320 2500 solum,
340 2411 448 2505 pariat
463 2433 506 2479 ne
522 2407 603 2504 quid
620 2409 680 2477 tibi
695 2409 838 2479 barbara
853 2411 996 2503 conjux,
1066 2472 1068 2476 .

96 2536 153 2603 Ne
172 2558 237 2627 qua
254 2532 312 2601 det
330 2532 486 2627 indignos
505 2530 637 2600 Thetidi
654 2535 786 2626 captiva
804 2546 954 2625 nepotes.
973 2562 990 2595 2>

150 2652 244 2723 Talia
263 2653 427 2723 dicentem
446 2678 514 2720 non
534 2654 606 2746 ipse
626 2654 785 2721 immotus
806 2649 949 2723 Achilles

98 2773 247 2864 Solatur,
265 2776 422 2869 juratque
441 2772 558 2863 fidem,
573 2774 752 2867 jurataque
767 2774 848 2843 fletu

98 2894 266 2990 Spondet,
284 2909 319 2964 et
338 2895 488 2990 ingentes
508 2893 663 2983 famulas,
684 2911 888 2989 captumque
905 2920 1058 2965 reversus

99 2990 190 3087 llion
200 3068 210 3104 ,
229 3031 263 3084 et
281 3016 432 3111 Phrygiae
449 3018 614 3111 promittit
632 3040 772 3084 munera
789 3042 886 3109 gazae.

100 3139 202 3207 lrrita
222 3152 364 3205 ventosae
381 3138 552 3235 rapiebant
571 3136 672 3206 verba
690 3136 854 3232 procellae.

152 3260 255 3328 Exuit
270 3257 469 3353 implicitum
489 3259 632 3327 tenebris
651 3259 868 3359 humentibus
887 3261 1003 3328 orbem

102 3358 388 3473 Oceanoprolata
408 3378 496 3470 dies,
513 3382 708 3477 genitorque
728 3407 874 3451 corusoae

101 3505 224 3589 Lucis,
242 3501 351 3570 adhuc
368 3501 520 3570 hebetem
544 3503 651 3570 vicina
668 3518 785 3588 nocte,
807 3502 953 3592 levabat,

101 3600 153 3693 Ei
168 3623 317 3692 nondum
338 3648 473 3693 excusso
492 3638 662 3693 rorantem
678 3622 833 3719 lampada
854 3641 971 3720 ponto.

101 3750 149 3815 Et
164 3746 233 3838 jain
253 3747 393 3839 punicea
412 3744 574 3814 nodatum
590 3761 727 3840 pectora
746 3744 851 3840 palla,

102 3867 338 3961 Insignemque
356 3867 434 3962 ipsis
453 3892 526 3960 quae
544 3870 653 3961 prima
671 3870 838 3938 invaserat
855 3873 955 3940 armis

103 3987 263 4065 AEaeiden
284 3991 422 4086 (quippe
438 4014 519 4088 aura
537 4005 652 4081 vocat,
673 4008 880 4089 cognataque
899 3992 1038 4060 suadent

104 4109 273 4205 AEquora]
292 4125 506 4204 prospectant
526 4114 657 4203 cuncti,
674 4114 913 4208 juvenemque,
932 4112 1117 4204 ducemque

932 4260 983 4327 19.
