2934 4950
354 411 410 478 ¹⁸4
475 434 477 437 ·
676 409 889 468 THEBAIDOS
908 407 1019 465 LIBER
1041 409 1063 464 1.
1277 401 1308 464 (t.
1319 399 1382 456 stt-t

352 537 472 606 Pacem
490 537 621 625 animo,
637 561 856 631 somnumque
875 533 966 630 pati?
984 533 1040 603 sed
1060 530 1189 626 prodite
1204 526 1337 598 tandem

350 655 451 726 Unde
467 655 557 726 orti?
576 681 646 751 quo
661 657 755 727 fertis
768 655 856 725 iter?
873 679 946 748 quae
959 651 1093 748 jurgia?
1110 675 1188 720 nam
1205 674 1265 719 vos

352 774 452 844 Haud
468 775 610 845 humiles
628 789 721 845 tanta
740 777 789 844 ira
809 751 1136 870 docet‚,gcnerisque
1153 769 1288 865 superbi

351 896 479 990 Magna
494 921 558 990 per.
573 895 717 966 effusum
736 894 922 966 clarescunt
937 896 1033 990 signa
1050 915 1216 963 cruorem.
1227 919 1245 954 r

398 1017 466 1085 Vix
483 1038 540 1104 ea,
560 1041 637 1084 eum
654 1017 761 1085 mixto
778 1013 923 1089 clamore
939 1013 1075 1108 obliqua
1093 1025 1223 1086 tuentes

351 1134 524 1230 Incipiunt
543 1160 612 1205 una
625 1161 634 1204 :
648 1140 745 1206 «Rex
765 1161 785 1205 ο
803 1136 974 1210 mitissime
991 1129 1174 1208 Achivum!

225 1245 229 1253 ’
351 1253 445 1346 Quid
460 1256 569 1325 verbis
585 1254 692 1352 opus?
711 1259 782 1352 ipse
802 1256 967 1327 undantes
986 1255 1148 1351 sanguine
1168 1251 1282 1322 vultus

351 1376 542 1473 Adspicis.»
559 1381 637 1448 Hac
653 1379 777 1474 passim
795 1378 939 1450 turbatis
958 1377 1048 1447 vocis
1069 1399 1188 1450 amarae

351 1495 541 1568 Conludere
558 1499 648 1568 souis
663 1525 671 1566 :
689 1496 768 1568 inde
784 1523 880 1568 orsus
895 1500 931 1567 in
949 1477 1066 1567 ordine
1084 1495 1216 1590 Tydeus

353 1620 557 1707 Continuat,
574 1621 683 1688 moesti
701 1621 838 1715 cupiens
856 1617 974 1689 solatia
993 1641 1108 1688 casus:

400 1740 649 1812 «Monstriferae
668 1738 849 1834 Calydonis
868 1765 966 1837 opes,
983 1738 1207 1833 Acheloiaque
1228 1763 1309 1807 arva

351 1861 510 1930 Deseruit
525 1861 644 1930 vestris
662 1861 717 1929 hic
734 1886 788 1930 me
808 1886 885 1931 ecce
902 1862 936 1930 in
954 1860 1077 1930 finibus
1096 1861 1213 1954 ingens

351 1983 430 2054 Nox
451 1982 581 2076 operite
596 1996 684 2052 tecto
700 1982 822 2053 coelum
838 1983 1015 2078 prohibere
1032 1982 1107 2076 quis
1124 1983 1185 2050 iste

351 2101 488 2173 Arcuit?
503 2128 547 2176 an
564 2105 723 2197 quoniam
743 2105 835 2198 prior
853 2104 924 2175 haec
940 2103 984 2174 ad
1000 2103 1114 2174 limina
1131 2101 1218 2170 forte

353 2222 497 2295 Molitur
514 2223 668 2320 gressus?
683 2227 810 2320 pariter
828 2224 994 2296 stabulare
1011 2223 1207 2308 bimembres

351 2348 554 2436 Centauros,
572 2371 706 2442 unaque
722 2347 835 2419 serunt
850 2346 1013 2444 Cyclopas
1031 2348 1065 2425 in
1084 2349 1183 2416 AEtna

353 2469 584 2564 Compositos,
601 2485 731 2540 sunt-et
747 2467 871 2541 rabidis
888 2471 965 2565 jura
982 2469 1081 2543 insita
1100 2467 1274 2553 monstris,

353 2595 481 2685 Fasque
498 2615 596 2664 suum
609 2617 618 2659 :
633 2592 730 2662 uobis
747 2593 872 2661 sociare
888 2590 1011 2660 cubilia
1027 2590 1147 2660 terra?

352 2712 417 2782 Sed
436 2712 517 2806 quid
534 2712 616 2809 ego?
632 2730 692 2787 aut
707 2712 808 2783 hodic
825 2712 939 2808 spoliis
957 2714 1090 2808 gavisus
1108 2712 1230 2797 abibis,

351 2833 514 2927 Quisquis
531 2859 585 2923 es,
601 2835 674 2923 his;
690 2850 750 2906 aut
772 2860 841 2925 me,
860 2836 887 2905 si
905 2860 974 2913 non
992 2832 1124 2904 effoetus
1143 2833 1264 2902 oborto

354 2956 496 3050 Sanguis
513 2954 614 3025 bebet
632 2955 743 3044 luctu,
761 2958 876 3052 magni
897 2956 939 3027 de
958 2958 1061 3052 stirpe
1076 2970 1226 3027 creatum

352 3079 506 3166 OEneos,
524 3091 559 3146 et
575 3078 677 3151 Marti
694 3103 763 3148 non
782 3077 984 3174 degenerare
1000 3091 1142 3173 paterno

315 3278 323 3292 ς
356 3200 708 3295 Accipiam—«Nec
724 3224 787 3270 uos
803 3200 923 3289 animi,
943 3223 1006 3269 nec
1022 3198 1134 3292 stirpis
1152 3220 1330 3293 egemus‚»

352 3317 414 3389 Ille
431 3319 533 3389 refert
550 3335 668 3390 contra
680 3346 688 3389 z
701 3321 761 3390 sed
778 3346 872 3391 mens
889 3321 952 3391 sibi
966 3321 1100 3391 conscia
1120 3318 1199 3388 facti

353 3444 543 3511 Cunctator
561 3440 712 3537 proferre
724 3456 865 3536 patrem.
879 3444 976 3512 Tunc
991 3441 1080 3511 mitis
1094 3439 1277 3511 Adrastus:

354 3564 489 3631 «Immo
505 3562 613 3658 agite,
631 3576 666 3630 et
682 3564 814 3657 positis,
831 3588 914 3659 quas
933 3588 1000 3633 nor
1017 3563 1222 3658 inopinaque
1242 3561 1344 3631 suasit

353 3686 423 3755 Aut
439 3684 566 3772 virtus,
582 3697 642 3752 aut
659 3685 727 3772 ira,
746 3684 861 3773 minis,
880 3683 1047 3755 succedite
1064 3698 1163 3753 tecto.

353 3809 428 3875 Jam
447 3806 572 3900 pariter
588 3819 707 3876 coeant
722 3806 912 3879 animorum
933 3808 968 3875 in
987 3808 1128 3903 pignora
1142 3805 1276 3875 dextre.

354 3930 432 3999 Non
449 3926 520 3996 baec
538 3928 725 4018 incassum,
746 3928 908 4021 Ditisque
927 3929 1121 4000 absentibus
1139 3942 1231 3998 acta:

355 4054 480 4120 Forsan
499 4064 532 4118 et
548 4049 607 4119 bas
620 4065 783 4120 venturus
801 4073 895 4121 amor
912 4052 1109 4144 praemiserit
1124 4052 1206 4137 iras,
