2934 4950
379 359 431 426 164
731 361 760 414 P.
785 359 907 416 PUBLII
929 358 1051 415 snam
1320 355 1347 416 (t-
1357 354 1396 414 13·)

372 487 480 553 Tanta
497 484 579 553 mihi
600 484 730 572 feritas,
749 498 842 554 tanta
860 499 910 554 est
928 483 1056 553 insania
1073 477 1200 553 luctus!

422 608 495 675 Hoc
513 629 647 699 quoque
662 628 768 698 quum
786 605 931 674 meditor
946 603 1085 673 terdena
1103 601 1176 672 luce
1192 615 1323 698 peracta

372 723 517 794 Acclinis
532 722 678 812 tumulo,
697 723 805 794 luctus
821 725 857 792 in
871 725 1019 794 cannino
1033 738 1144 814 verto,

371 842 615 936 Discordesque
631 842 765 934 modos,
783 859 816 914 ct
831 841 1048 940 singultantia
1063 845 1164 913 verba

372 964 506 1034 Molior.
527 968 612 1035 Orsa
632 961 729 1035 dolor
748 961 904 1064 prohibet
922 989 930 1033 :
950 979 1050 1059 atque
1070 965 1120 1034 ira
1138 963 1271 1036 tacendi

371 1085 551 1180 Impatiens
568 1111 576 1154 ε
592 1085 650 1154 sed
667 1113 729 1160 nec
746 1087 851 1160 solitae
867 1085 949 1155 mibi
964 1087 1087 1156 vertice
1102 1083 1231 1176 laurus,

371 1205 443 1274 Nec
461 1202 565 1277 fronti
581 1213 719 1280 vittatus
736 1210 843 1280 bonos
861 1234 869 1278 τ
886 1234 928 1279 en
945 1221 1042 1278 taxea
1054 1209 1184 1276 'marcet

372 1321 463 1398 Silva
480 1329 599 1419 comis,
619 1330 805 1424 bilemque
824 1329 939 1400 ederas
955 1325 1086 1425 plorata
1104 1351 1280 1422 cupressus

372 1446 528 1516 Excludit
546 1477 556 1522 ε
572 1467 689 1521 tenues
703 1451 825 1545 ignavo
840 1449 960 1546 pollice
975 1447 1116 1520 chordas

370 1564 489 1648 Pulso;
510 1567 567 1637 sed
585 1569 750 1640 incertum
767 1569 880 1664 digitis
899 1569 1088 1641 errantibus
1106 1593 1221 1640 amens

369 1687 491 1759 Tundo
509 1687 629 1784 chelyn
650 1716 658 1758 :
675 1691 773 1783 juvat
788 1686 872 1760 heu!
889 1691 987 1783 juvat
1003 1687 1193 1760 illaudabile
1209 1683 1339 1760 carmen

369 1809 538 1901 Fundere,
557 1827 591 1878 et
609 1810 753 1879 incomta
771 1811 928 1880 miserum
947 1810 1077 1880 nudare
1092 1808 1254 1882 dolorem.

369 1930 422 2000 Sic
441 1931 565 2017 merui3
585 1931 634 2000 sic
650 1955 705 1999 me
721 1945 889 2024 cantuque
907 1930 1092 2024 habituque
1111 1931 1277 2002 nefastum

367 2050 562 2146 Adspiciunt
583 2053 729 2146 Superi:
749 2051 874 2147 pudeat
892 2051 1090 2145 Thebasque
1110 2076 1301 2147 novumque

368 2171 536 2242 AEacidem
556 2198 565 2241 :
585 2170 633 2242 nil
650 2174 721 2266 jam
739 2170 899 2267 placitum
916 2171 1065 2241 manabit
1083 2171 1125 2242 ab
1143 2196 1211 2242 ore.
1351 2164 1354 2170 ’

415 2289 478 2361 Ille
492 2317 571 2388 ego,
589 2293 647 2385 qui
667 2293 765 2361 toties
780 2289 922 2361 blandus
939 2306 1151 2387 matrumque
1167 2307 1364 2389 patriusque

367 2410 531 2503 Vulnera,
548 2413 607 2508 qui
625 2413 719 2483 vivos
737 2413 834 2508 potui
850 2409 996 2483 mulcere
1012 2409 1161 2502 dolores;

365 2532 426 2603 Ille
444 2557 506 2628 ego
523 2530 699 2629 lugentum
715 2534 807 2603 mitis
822 2529 961 2621 solator,
980 2533 1106 2605 acerbis

364 2653 508 2725 Auditus
526 2652 679 2743 tumulis,
695 2668 729 2724 et
748 2653 1020 2725 descendentibus
1038 2654 1179 2744 umbris,

364 2774 508 2865 Deficio,
527 2774 738 2869 modicasque
756 2800 889 2861 manus,
909 2772 1121 2869 fomentaque
1139 2800 1253 2869 quaero

364 2893 583 2984 Vulneribus,
600 2893 658 2967 sod
676 2919 822 2984 summa,
839 2896 922 2964 meis
940 2920 948 2963 :
968 2918 1059 2965 nunc
1075 2910 1226 2989 tempus,
1245 2896 1359 2985 amici,

362 3018 520 3106 Quorum
535 3038 598 3111 ego
613 3029 785 3085 manantes
799 3012 914 3086 oculos
929 3031 962 3085 et
980 3016 1092 3087 sancia
1105 3016 1183 3086 tersi

364 3139 519 3224 Pectora,
536 3134 676 3207 reddere
691 3158 805 3230 opem,
822 3159 988 3249 saeuusque
1003 3133 1169 3206 exsolvere
1187 3151 1307 3232 grates.

363 3258 532 3327 Nimirum
546 3270 629 3327 tunc
643 3270 753 3326 restra
770 3254 909 3326 domans
925 3280 987 3351 ego
1001 3256 1156 3347 vulnera,
1172 3273 1308 3343 moestos

362 3377 519 3473 Increpui
538 3402 547 3446 τ
565 3400 656 3446 nunc
672 3375 793 3446 damna
809 3374 926 3447 dolens
942 3375 1086 3465 alterna,
1105 3401 1245 3471 reposco

237 3517 241 3525 ·
360 3494 481 3570 Infelix
494 3494 672 3591 lacrymas,
688 3511 723 3566 et
738 3497 831 3565 mitia
847 3498 996 3567 carmina
1011 3522 1133 3593 quaerc.

362 3621 488 3688 Verum
507 3632 594 3706 erat;
612 3617 795 3712 absumptus
812 3618 915 3706 vires,
932 3632 965 3688 et
981 3620 1078 3713 copia
1092 3616 1184 3686 fandi

360 3738 461 3810 Nulla
477 3738 572 3827 mihi,
591 3737 797 3833 dignumque
815 3736 898 3807 nihil
916 3762 1010 3807 mens
1026 3735 1166 3807 fulmine
1182 3752 1276 3809 tanto

359 3860 534 3953 Repperit3
555 3858 691 3928 inferior
712 3883 777 3927 vox
796 3858 919 3943 omnis,
935 3872 967 3927 ct
986 3840 1099 3927 omnia
1118 3857 1255 3929 sordent

360 3976 496 4048 Verba:
516 3980 663 4071 ignosce,
683 4004 783 4075 puer;
803 3994 839 4048 tu
859 4003 913 4047 me
931 3977 1073 4074 caligine
1090 4003 1236 4049 mersum
