<?xml version="1.0" encoding="UTF-8"?>
<!DOCTYPE html PUBLIC "-//W3C//DTD XHTML 1.0 Transitional//EN"
    "http://www.w3.org/TR/xhtml1/DTD/xhtml1-transitional.dtd">
<html xmlns="http://www.w3.org/1999/xhtml" xml:lang="en" lang="en">
 <head>
  <title>
</title>
<meta http-equiv="Content-Type" content="text/html;charset=utf-8" />
  <meta name='ocr-system' content='tesseract 3.04.00' />
  <meta name='ocr-capabilities' content='ocr_page ocr_carea ocr_par ocr_line ocrx_word'/>
</head>
<body>
  <div class='ocr_page' id='page_1' title='image "./operaquaeextant01dbgoog_0179.png"; bbox 0 0 2934 4950; ppageno 0'>
   <div class='ocr_carea' id='block_1_1' title="bbox 341 365 1384 484">
    <p class='ocr_par' dir='ltr' id='par_1_1' title="bbox 341 365 1384 484">
     <span class='ocr_line' id='line_1_1' title="bbox 341 365 1384 484; baseline -0.014 -12"><span class='ocrx_word' id='word_1_1' title='bbox 341 401 395 472; x_wconf 73' lang='lat'><strong>1&#39;58</strong></span> <span class='ocrx_word' id='word_1_2' title='bbox 694 413 725 467; x_wconf 88' lang='lat' dir='ltr'><strong>P.</strong></span> <span class='ocrx_word' id='word_1_3' title='bbox 750 406 874 466; x_wconf 77' lang='lat' dir='ltr'><strong>PUBLll</strong></span> <span class='ocrx_word' id='word_1_4' title='bbox 896 407 1018 465; x_wconf 73' lang='lat' dir='ltr'><strong>S&#39;l&#39;d&#39;l&#39;ll</strong></span> <span class='ocrx_word' id='word_1_5' title='bbox 1051 365 1055 372; x_wconf 59' lang='lat'><strong><em>¹</em></strong></span> <span class='ocrx_word' id='word_1_6' title='bbox 1268 407 1384 484; x_wconf 42' lang='lat' dir='ltr'><strong>(ursus.)</strong></span> 
     </span>
    </p>
   </div>
   <div class='ocr_carea' id='block_1_2' title="bbox 290 529 1260 1002">
    <p class='ocr_par' dir='ltr' id='par_1_2' title="bbox 290 529 1260 1002">
     <span class='ocr_line' id='line_1_2' title="bbox 339 529 1260 633; baseline -0.011 -23"><span class='ocrx_word' id='word_1_7' title='bbox 339 543 404 610; x_wconf 86' lang='lat' dir='ltr'><strong>Vix</strong></span> <span class='ocrx_word' id='word_1_8' title='bbox 420 539 557 633; x_wconf 81' lang='lat' dir='ltr'><strong>requies¹</strong></span> <span class='ocrx_word' id='word_1_9' title='bbox 569 529 732 626; x_wconf 73' lang='lat' dir='ltr'><strong>flamme,</strong></span> <span class='ocrx_word' id='word_1_10' title='bbox 754 535 913 608; x_wconf 86' lang='lat' dir='ltr'><strong>nec-dum</strong></span> <span class='ocrx_word' id='word_1_11' title='bbox 932 559 1034 632; x_wconf 79' lang='lat' dir='ltr'><strong>rogus</strong></span> <span class='ocrx_word' id='word_1_12' title='bbox 1051 531 1106 600; x_wconf 90' lang='lat' dir='ltr'><strong>ille</strong></span> <span class='ocrx_word' id='word_1_13' title='bbox 1121 530 1260 602; x_wconf 79' lang='lat' dir='ltr'><strong>deorum</strong></span> 
     </span>
     <span class='ocr_line' id='line_1_3' title="bbox 290 653 1084 762; baseline -0.011 -30"><span class='ocrx_word' id='word_1_14' title='bbox 290 751 293 762; x_wconf 33' lang='grc' dir='ltr'>Ι</span> <span class='ocrx_word' id='word_1_15' title='bbox 338 662 486 750; x_wconf 88' lang='lat' dir='ltr'><strong>Siderat,</strong></span> <span class='ocrx_word' id='word_1_16' title='bbox 506 662 624 730; x_wconf 83' lang='lat' dir='ltr'><strong>excisis</strong></span> <span class='ocrx_word' id='word_1_17' title='bbox 640 683 746 754; x_wconf 87' lang='lat' dir='ltr'><strong>quum</strong></span> <span class='ocrx_word' id='word_1_18' title='bbox 763 673 801 728; x_wconf 89' lang='lat' dir='ltr'><strong>tu</strong></span> <span class='ocrx_word' id='word_1_19' title='bbox 819 656 937 728; x_wconf 86' lang='lat' dir='ltr'><strong>solatia</strong></span> <span class='ocrx_word' id='word_1_20' title='bbox 951 653 1084 750; x_wconf 87' lang='lat' dir='ltr'><strong>templis</strong></span> 
     </span>
     <span class='ocr_line' id='line_1_4' title="bbox 337 778 1134 879; baseline -0.01 -25"><span class='ocrx_word' id='word_1_21' title='bbox 337 786 498 879; x_wconf 80' lang='lat' dir='ltr'>Impiger,</span> <span class='ocrx_word' id='word_1_22' title='bbox 515 797 549 854; x_wconf 87' lang='lat' dir='ltr'><strong>et</strong></span> <span class='ocrx_word' id='word_1_23' title='bbox 567 781 712 854; x_wconf 88' lang='lat' dir='ltr'><strong>multum</strong></span> <span class='ocrx_word' id='word_1_24' title='bbox 728 782 855 853; x_wconf 80' lang='lat' dir='ltr'>facibus</span> <span class='ocrx_word' id='word_1_25' title='bbox 874 778 1019 850; x_wconf 86' lang='lat' dir='ltr'><strong>velocior</strong></span> <span class='ocrx_word' id='word_1_26' title='bbox 1036 778 1134 872; x_wconf 84' lang='lat' dir='ltr'><strong>ipsis,</strong></span> 
     </span>
     <span class='ocr_line' id='line_1_5' title="bbox 337 900 1151 1002; baseline -0.007 -28"><span class='ocrx_word' id='word_1_27' title='bbox 337 907 493 1002; x_wconf 88' lang='lat' dir='ltr'><strong>Concipis</strong></span> <span class='ocrx_word' id='word_1_28' title='bbox 510 931 567 977; x_wconf 86' lang='lat' dir='ltr'><strong>ore</strong></span> <span class='ocrx_word' id='word_1_29' title='bbox 585 907 661 1002; x_wconf 90' lang='lat' dir='ltr'><strong>pio,</strong></span> <span class='ocrx_word' id='word_1_30' title='bbox 674 906 872 1002; x_wconf 82' lang='lat' dir='ltr'><strong>captivaque</strong></span> <span class='ocrx_word' id='word_1_31' title='bbox 886 901 1027 972; x_wconf 78' lang='lat' dir='ltr'><strong>fulmina</strong></span> <span class='ocrx_word' id='word_1_32' title='bbox 1041 900 1151 970; x_wconf 81' lang='lat' dir='ltr'><strong>delles.</strong></span> 
     </span>
    </p>
   </div>
   <div class='ocr_carea' id='block_1_3' title="bbox 246 1023 1302 4157">
    <p class='ocr_par' dir='ltr' id='par_1_3' title="bbox 335 1023 1128 1124">
     <span class='ocr_line' id='line_1_6' title="bbox 335 1023 1128 1124; baseline -0.006 -27"><span class='ocrx_word' id='word_1_33' title='bbox 335 1030 505 1098; x_wconf 79' lang='lat' dir='ltr'><strong>Mirantur</strong></span> <span class='ocrx_word' id='word_1_34' title='bbox 521 1029 610 1098; x_wconf 84' lang='lat' dir='ltr'><strong>Latii</strong></span> <span class='ocrx_word' id='word_1_35' title='bbox 624 1049 796 1124; x_wconf 83' lang='lat' dir='ltr'><strong>proceres,</strong></span> <span class='ocrx_word' id='word_1_36' title='bbox 818 1023 974 1120; x_wconf 86' lang='lat' dir='ltr'><strong>ultorque</strong></span> <span class='ocrx_word' id='word_1_37' title='bbox 989 1023 1128 1094; x_wconf 85' lang='lat' dir='ltr'><strong>deorum</strong></span> 
     </span>
    </p>

    <p class='ocr_par' dir='ltr' id='par_1_4' title="bbox 246 1145 1281 1728">
     <span class='ocr_line' id='line_1_7' title="bbox 246 1145 1144 1243; baseline -0.008 -22"><span class='ocrx_word' id='word_1_38' title='bbox 246 1192 250 1200; x_wconf 42' lang='grc' dir='ltr'><em>ι</em></span> <span class='ocrx_word' id='word_1_39' title='bbox 336 1153 462 1240; x_wconf 82' lang='lat' dir='ltr'><strong>Caesar,</strong></span> <span class='ocrx_word' id='word_1_40' title='bbox 476 1164 510 1219; x_wconf 90' lang='lat' dir='ltr'><strong>et</strong></span> <span class='ocrx_word' id='word_1_41' title='bbox 524 1173 543 1219; x_wconf 87' lang='lat' dir='ltr'><strong>e</strong></span> <span class='ocrx_word' id='word_1_42' title='bbox 558 1148 669 1219; x_wconf 83' lang='lat' dir='ltr'><strong>medio</strong></span> <span class='ocrx_word' id='word_1_43' title='bbox 682 1147 798 1218; x_wconf 86' lang='lat' dir='ltr'><strong>divum</strong></span> <span class='ocrx_word' id='word_1_44' title='bbox 815 1161 909 1243; x_wconf 82' lang='lat' dir='ltr'><strong>pater</strong></span> <span class='ocrx_word' id='word_1_45' title='bbox 930 1147 1050 1216; x_wconf 75' lang='lat' dir='ltr'><strong>annunt</strong></span> <span class='ocrx_word' id='word_1_46' title='bbox 1065 1145 1144 1242; x_wconf 82' lang='lat' dir='ltr'><strong>igni.</strong></span> 
     </span>
     <span class='ocr_line' id='line_1_8' title="bbox 336 1267 1177 1366; baseline -0.007 -24"><span class='ocrx_word' id='word_1_47' title='bbox 336 1275 477 1366; x_wconf 86' lang='lat' dir='ltr'><strong>Jamque</strong></span> <span class='ocrx_word' id='word_1_48' title='bbox 493 1285 526 1340; x_wconf 89' lang='lat' dir='ltr'><strong>et</strong></span> <span class='ocrx_word' id='word_1_49' title='bbox 542 1269 621 1339; x_wconf 87' lang='lat' dir='ltr'><strong>llere</strong></span> <span class='ocrx_word' id='word_1_50' title='bbox 639 1271 697 1363; x_wconf 89' lang='lat' dir='ltr'><strong>piu</strong></span> <span class='ocrx_word' id='word_1_51' title='bbox 714 1269 885 1338; x_wconf 88' lang='lat' dir='ltr'><strong>Vesuvina</strong></span> <span class='ocrx_word' id='word_1_52' title='bbox 905 1267 1061 1338; x_wconf 79' lang='lat' dir='ltr'><strong>incendia</strong></span> <span class='ocrx_word' id='word_1_53' title='bbox 1076 1283 1177 1337; x_wconf 87' lang='lat' dir='ltr'><strong>cantu</strong></span> 
     </span>
     <span class='ocr_line' id='line_1_9' title="bbox 336 1388 1281 1487; baseline -0.006 -24"><span class='ocrx_word' id='word_1_54' title='bbox 336 1396 432 1464; x_wconf 84' lang='lat' dir='ltr'><strong>Mens</strong></span> <span class='ocrx_word' id='word_1_55' title='bbox 450 1406 540 1482; x_wconf 86' lang='lat' dir='ltr'><strong>erat,</strong></span> <span class='ocrx_word' id='word_1_56' title='bbox 560 1407 595 1462; x_wconf 89' lang='lat' dir='ltr'><strong>et</strong></span> <span class='ocrx_word' id='word_1_57' title='bbox 612 1393 772 1487; x_wconf 81' lang='lat' dir='ltr'><strong>gemitum</strong></span> <span class='ocrx_word' id='word_1_58' title='bbox 788 1391 906 1484; x_wconf 85' lang='lat' dir='ltr'><strong>patriis</strong></span> <span class='ocrx_word' id='word_1_59' title='bbox 925 1388 1117 1484; x_wconf 86' lang='lat' dir='ltr'><strong>impendere</strong></span> <span class='ocrx_word' id='word_1_60' title='bbox 1135 1389 1281 1475; x_wconf 75' lang='lat' dir='ltr'><strong>damnis3</strong></span> 
     </span>
     <span class='ocr_line' id='line_1_10' title="bbox 336 1509 1238 1609; baseline -0.007 -25"><span class='ocrx_word' id='word_1_61' title='bbox 336 1515 452 1604; x_wconf 90' lang='lat' dir='ltr'><strong>Quum</strong></span> <span class='ocrx_word' id='word_1_62' title='bbox 468 1527 563 1609; x_wconf 89' lang='lat' dir='ltr'><strong>pater</strong></span> <span class='ocrx_word' id='word_1_63' title='bbox 579 1528 772 1607; x_wconf 83' lang='lat' dir='ltr'><strong>exemptum</strong></span> <span class='ocrx_word' id='word_1_64' title='bbox 791 1512 887 1582; x_wconf 86' lang='lat' dir='ltr'><strong>terris</strong></span> <span class='ocrx_word' id='word_1_65' title='bbox 902 1509 945 1579; x_wconf 89' lang='lat' dir='ltr'><strong>ad</strong></span> <span class='ocrx_word' id='word_1_66' title='bbox 961 1510 1069 1580; x_wconf 86' lang='lat' dir='ltr'><strong>sidera</strong></span> <span class='ocrx_word' id='word_1_67' title='bbox 1087 1525 1238 1580; x_wconf 84' lang='lat' dir='ltr'><strong>muntem</strong></span> 
     </span>
     <span class='ocr_line' id='line_1_11' title="bbox 337 1632 1096 1728; baseline -0.005 -24"><span class='ocrx_word' id='word_1_68' title='bbox 337 1633 497 1724; x_wconf 83' lang='lat' dir='ltr'><strong>Sustulit,</strong></span> <span class='ocrx_word' id='word_1_69' title='bbox 513 1649 547 1703; x_wconf 87' lang='lat' dir='ltr'><strong>et</strong></span> <span class='ocrx_word' id='word_1_70' title='bbox 564 1633 631 1704; x_wconf 84' lang='lat' dir='ltr'><strong>late</strong></span> <span class='ocrx_word' id='word_1_71' title='bbox 645 1635 783 1703; x_wconf 88' lang='lat' dir='ltr'><strong>miseras</strong></span> <span class='ocrx_word' id='word_1_72' title='bbox 797 1632 918 1728; x_wconf 88' lang='lat' dir='ltr'><strong>dejecit</strong></span> <span class='ocrx_word' id='word_1_73' title='bbox 936 1634 971 1700; x_wconf 93' lang='lat' dir='ltr'><strong>in</strong></span> <span class='ocrx_word' id='word_1_74' title='bbox 987 1633 1096 1701; x_wconf 86' lang='lat' dir='ltr'><strong>urbes.</strong></span> 
     </span>
    </p>

    <p class='ocr_par' dir='ltr' id='par_1_5' title="bbox 333 1753 1299 2820">
     <span class='ocr_line' id='line_1_12' title="bbox 384 1753 1225 1851; baseline -0.006 -26"><span class='ocrx_word' id='word_1_75' title='bbox 384 1759 443 1825; x_wconf 89' lang='lat' dir='ltr'><strong>Me</strong></span> <span class='ocrx_word' id='word_1_76' title='bbox 462 1781 596 1851; x_wconf 90' lang='lat' dir='ltr'><strong>quoque</strong></span> <span class='ocrx_word' id='word_1_77' title='bbox 613 1753 743 1825; x_wconf 83' lang='lat' dir='ltr'><strong>vocales</strong></span> <span class='ocrx_word' id='word_1_78' title='bbox 763 1753 856 1826; x_wconf 88' lang='lat' dir='ltr'><strong>lucos</strong></span> <span class='ocrx_word' id='word_1_79' title='bbox 875 1753 1082 1849; x_wconf 86' lang='lat' dir='ltr'><strong>lustrataque</strong></span> <span class='ocrx_word' id='word_1_80' title='bbox 1101 1755 1225 1847; x_wconf 82' lang='lat' dir='ltr'>Tempe</span> 
     </span>
     <span class='ocr_line' id='line_1_13' title="bbox 333 1873 1178 1972; baseline -0.008 -24"><span class='ocrx_word' id='word_1_81' title='bbox 333 1877 542 1964; x_wconf 83' lang='lat' dir='ltr'><strong>Pulsantem,</strong></span> <span class='ocrx_word' id='word_1_82' title='bbox 560 1894 664 1970; x_wconf 86' lang='lat' dir='ltr'><strong>quum</strong></span> <span class='ocrx_word' id='word_1_83' title='bbox 680 1877 784 1972; x_wconf 84' lang='lat' dir='ltr'><strong>stirpe</strong></span> <span class='ocrx_word' id='word_1_84' title='bbox 798 1891 858 1944; x_wconf 87' lang='lat' dir='ltr'><strong>tna</strong></span> <span class='ocrx_word' id='word_1_85' title='bbox 877 1874 1073 1945; x_wconf 76' lang='lat' dir='ltr'><strong>descendere</strong></span> <span class='ocrx_word' id='word_1_86' title='bbox 1091 1873 1178 1963; x_wconf 82' lang='lat' dir='ltr'><strong>dixi,</strong></span> 
     </span>
     <span class='ocr_line' id='line_1_14' title="bbox 334 1994 1120 2085; baseline -0.006 -14"><span class='ocrx_word' id='word_1_87' title='bbox 334 1998 505 2071; x_wconf 81' lang='lat' dir='ltr'><strong>Admisere</strong></span> <span class='ocrx_word' id='word_1_88' title='bbox 523 1996 609 2085; x_wconf 77' lang='lat' dir='ltr'><strong>deae3</strong></span> <span class='ocrx_word' id='word_1_89' title='bbox 627 2019 689 2066; x_wconf 86' lang='lat' dir='ltr'><strong>nec</strong></span> <span class='ocrx_word' id='word_1_90' title='bbox 703 1998 792 2066; x_wconf 90' lang='lat' dir='ltr'><strong>enim</strong></span> <span class='ocrx_word' id='word_1_91' title='bbox 811 1997 893 2066; x_wconf 90' lang='lat' dir='ltr'><strong>mihi</strong></span> <span class='ocrx_word' id='word_1_92' title='bbox 908 1994 1017 2066; x_wconf 84' lang='lat' dir='ltr'><strong>sidera</strong></span> <span class='ocrx_word' id='word_1_93' title='bbox 1033 1999 1120 2066; x_wconf 86' lang='lat' dir='ltr'><strong>tanti</strong></span> 
     </span>
     <span class='ocr_line' id='line_1_15' title="bbox 336 2118 1235 2214; baseline 0.002 -27"><span class='ocrx_word' id='word_1_94' title='bbox 336 2123 548 2213; x_wconf 78' lang='lat' dir='ltr'><strong>AEqucraque</strong></span> <span class='ocrx_word' id='word_1_95' title='bbox 565 2132 599 2188; x_wconf 86' lang='lat' dir='ltr'><strong>et</strong></span> <span class='ocrx_word' id='word_1_96' title='bbox 617 2132 736 2206; x_wconf 86' lang='lat' dir='ltr'><strong>terras,</strong></span> <span class='ocrx_word' id='word_1_97' title='bbox 756 2142 856 2210; x_wconf 88' lang='lat' dir='ltr'><strong>quam</strong></span> <span class='ocrx_word' id='word_1_98' title='bbox 877 2143 937 2187; x_wconf 87' lang='lat' dir='ltr'><strong>vos</strong></span> <span class='ocrx_word' id='word_1_99' title='bbox 955 2118 1077 2188; x_wconf 81' lang='lat' dir='ltr'><strong>debere</strong></span> <span class='ocrx_word' id='word_1_100' title='bbox 1093 2120 1235 2214; x_wconf 87' lang='lat' dir='ltr'><strong>parenti.</strong></span> 
     </span>
     <span class='ocr_line' id='line_1_16' title="bbox 334 2238 1299 2336; baseline 0.005 -28"><span class='ocrx_word' id='word_1_101' title='bbox 334 2245 386 2325; x_wconf 82' lang='lat' dir='ltr'><strong>Tu</strong></span> <span class='ocrx_word' id='word_1_102' title='bbox 403 2238 505 2309; x_wconf 85' lang='lat' dir='ltr'><strong>decus</strong></span> <span class='ocrx_word' id='word_1_103' title='bbox 520 2239 586 2308; x_wconf 85' lang='lat' dir='ltr'><strong>hcc</strong></span> <span class='ocrx_word' id='word_1_104' title='bbox 604 2238 829 2334; x_wconf 82' lang='lat' dir='ltr'><strong>quodeunque</strong></span> <span class='ocrx_word' id='word_1_105' title='bbox 846 2238 946 2333; x_wconf 79' lang='lat' dir='ltr'><strong>lyrae,</strong></span> <span class='ocrx_word' id='word_1_106' title='bbox 960 2241 1157 2336; x_wconf 88' lang='lat' dir='ltr'><strong>primusque</strong></span> <span class='ocrx_word' id='word_1_107' title='bbox 1175 2239 1299 2313; x_wconf 82' lang='lat' dir='ltr'><strong>dedisti</strong></span> 
     </span>
     <span class='ocr_line' id='line_1_17' title="bbox 334 2357 1211 2457; baseline 0.002 -25"><span class='ocrx_word' id='word_1_108' title='bbox 334 2362 413 2432; x_wconf 84' lang='lat' dir='ltr'><strong>Non</strong></span> <span class='ocrx_word' id='word_1_109' title='bbox 428 2357 565 2455; x_wconf 80' lang='lat' dir='ltr'><strong>vulgare</strong></span> <span class='ocrx_word' id='word_1_110' title='bbox 584 2358 691 2455; x_wconf 86' lang='lat' dir='ltr'><strong>loqui,</strong></span> <span class='ocrx_word' id='word_1_111' title='bbox 706 2373 740 2429; x_wconf 90' lang='lat' dir='ltr'><strong>et</strong></span> <span class='ocrx_word' id='word_1_112' title='bbox 756 2357 877 2429; x_wconf 84' lang='lat' dir='ltr'><strong>famam</strong></span> <span class='ocrx_word' id='word_1_113' title='bbox 896 2385 1029 2455; x_wconf 87' lang='lat' dir='ltr'><strong>sperare</strong></span> <span class='ocrx_word' id='word_1_114' title='bbox 1047 2360 1211 2457; x_wconf 83' lang='lat' dir='ltr'><strong>sepulcro.</strong></span> 
     </span>
     <span class='ocr_line' id='line_1_18' title="bbox 334 2481 1205 2581; baseline 0.006 -28"><span class='ocrx_word' id='word_1_115' title='bbox 334 2481 452 2575; x_wconf 85' lang='lat' dir='ltr'><strong>Qualis</strong></span> <span class='ocrx_word' id='word_1_116' title='bbox 470 2506 559 2572; x_wconf 88' lang='lat' dir='ltr'><strong>eras,</strong></span> <span class='ocrx_word' id='word_1_117' title='bbox 576 2481 691 2552; x_wconf 82' lang='lat' dir='ltr'><strong>Latios</strong></span> <span class='ocrx_word' id='word_1_118' title='bbox 707 2483 838 2575; x_wconf 85' lang='lat' dir='ltr'><strong>quoties</strong></span> <span class='ocrx_word' id='word_1_119' title='bbox 856 2504 919 2576; x_wconf 80' lang='lat' dir='ltr'><strong>ego</strong></span> <span class='ocrx_word' id='word_1_120' title='bbox 935 2485 1082 2553; x_wconf 77' lang='lat' dir='ltr'><strong>carmine</strong></span> <span class='ocrx_word' id='word_1_121' title='bbox 1095 2500 1205 2581; x_wconf 89' lang='lat' dir='ltr'><strong>patres</strong></span> 
     </span>
     <span class='ocr_line' id='line_1_19' title="bbox 334 2601 1092 2698; baseline 0.005 -24"><span class='ocrx_word' id='word_1_122' title='bbox 334 2603 532 2692; x_wconf 87' lang='lat' dir='ltr'><strong>Mulcerem,</strong></span> <span class='ocrx_word' id='word_1_123' title='bbox 548 2601 695 2698; x_wconf 84' lang='lat' dir='ltr'><strong>felixque</strong></span> <span class='ocrx_word' id='word_1_124' title='bbox 711 2604 763 2673; x_wconf 89' lang='lat' dir='ltr'><strong>tui</strong></span> <span class='ocrx_word' id='word_1_125' title='bbox 782 2618 949 2697; x_wconf 86' lang='lat' dir='ltr'><strong>spectator</strong></span> <span class='ocrx_word' id='word_1_126' title='bbox 963 2604 1092 2677; x_wconf 82' lang='lat' dir='ltr'><strong>adesses</strong></span> 
     </span>
     <span class='ocr_line' id='line_1_20' title="bbox 334 2721 1118 2820; baseline 0.004 -24"><span class='ocrx_word' id='word_1_127' title='bbox 334 2722 497 2796; x_wconf 85' lang='lat' dir='ltr'><strong>Muneris!</strong></span> <span class='ocrx_word' id='word_1_128' title='bbox 514 2725 581 2795; x_wconf 79' lang='lat' dir='ltr'><strong>heu</strong></span> <span class='ocrx_word' id='word_1_129' title='bbox 598 2721 688 2818; x_wconf 84' lang='lat' dir='ltr'><strong>quali</strong></span> <span class='ocrx_word' id='word_1_130' title='bbox 704 2722 862 2794; x_wconf 83' lang='lat' dir='ltr'><strong>confusus</strong></span> <span class='ocrx_word' id='word_1_131' title='bbox 881 2725 1003 2820; x_wconf 78' lang='lat' dir='ltr'><strong>gaudia</strong></span> <span class='ocrx_word' id='word_1_132' title='bbox 1023 2726 1118 2816; x_wconf 89' lang='lat' dir='ltr'><strong>fletu,</strong></span> 
     </span>
    </p>

    <p class='ocr_par' dir='ltr' id='par_1_6' title="bbox 331 2844 1302 3185">
     <span class='ocr_line' id='line_1_21' title="bbox 333 2844 1212 2944; baseline 0.007 -28"><span class='ocrx_word' id='word_1_133' title='bbox 333 2851 422 2917; x_wconf 88' lang='lat' dir='ltr'><strong>Vota</strong></span> <span class='ocrx_word' id='word_1_134' title='bbox 440 2847 581 2942; x_wconf 84' lang='lat' dir='ltr'><strong>piosque</strong></span> <span class='ocrx_word' id='word_1_135' title='bbox 597 2859 707 2915; x_wconf 87' lang='lat' dir='ltr'><strong>metus</strong></span> <span class='ocrx_word' id='word_1_136' title='bbox 720 2846 822 2934; x_wconf 89' lang='lat' dir='ltr'><strong>iuter,</strong></span> <span class='ocrx_word' id='word_1_137' title='bbox 840 2844 1019 2942; x_wconf 77' lang='lat' dir='ltr'><strong>laetumque</strong></span> <span class='ocrx_word' id='word_1_138' title='bbox 1036 2848 1212 2944; x_wconf 78' lang='lat' dir='ltr'><strong>pudorun!</strong></span> 
     </span>
     <span class='ocr_line' id='line_1_22' title="bbox 333 2961 1302 3069; baseline 0.006 -31"><span class='ocrx_word' id='word_1_139' title='bbox 333 2971 446 3059; x_wconf 87' lang='lat' dir='ltr'><strong>Quam</strong></span> <span class='ocrx_word' id='word_1_140' title='bbox 464 2983 543 3038; x_wconf 89' lang='lat' dir='ltr'><strong>tuus</strong></span> <span class='ocrx_word' id='word_1_141' title='bbox 559 2964 614 3037; x_wconf 91' lang='lat' dir='ltr'><strong>ille</strong></span> <span class='ocrx_word' id='word_1_142' title='bbox 634 2961 719 3034; x_wconf 81' lang='lat' dir='ltr'><strong>dies!</strong></span> <span class='ocrx_word' id='word_1_143' title='bbox 736 2988 838 3059; x_wconf 62' lang='lat' dir='ltr'><strong>marn</strong></span> <span class='ocrx_word' id='word_1_144' title='bbox 854 2989 925 3036; x_wconf 89' lang='lat' dir='ltr'><strong>non</strong></span> <span class='ocrx_word' id='word_1_145' title='bbox 943 2971 1027 3040; x_wconf 89' lang='lat' dir='ltr'><strong>mihi</strong></span> <span class='ocrx_word' id='word_1_146' title='bbox 1045 2969 1152 3067; x_wconf 78' lang='lat' dir='ltr'><strong>gloria</strong></span> <span class='ocrx_word' id='word_1_147' title='bbox 1171 2971 1302 3069; x_wconf 83' lang='lat' dir='ltr'><strong>major!</strong></span> 
     </span>
     <span class='ocr_line' id='line_1_23' title="bbox 331 3084 1185 3185; baseline 0.005 -25"><span class='ocrx_word' id='word_1_148' title='bbox 331 3089 421 3161; x_wconf 84' lang='lat' dir='ltr'><strong>Talis</strong></span> <span class='ocrx_word' id='word_1_149' title='bbox 434 3087 630 3182; x_wconf 81' lang='lat' dir='ltr'><strong>Olympiaca</strong></span> <span class='ocrx_word' id='word_1_150' title='bbox 644 3084 802 3180; x_wconf 78' lang='lat' dir='ltr'><strong>juvenem</strong></span> <span class='ocrx_word' id='word_1_151' title='bbox 820 3112 925 3182; x_wconf 90' lang='lat' dir='ltr'><strong>quum</strong></span> <span class='ocrx_word' id='word_1_152' title='bbox 939 3105 1068 3185; x_wconf 82' lang='lat' dir='ltr'><strong>spectat</strong></span> <span class='ocrx_word' id='word_1_153' title='bbox 1083 3114 1185 3164; x_wconf 80' lang='lat' dir='ltr'><strong>arena</strong></span> 
     </span>
    </p>

    <p class='ocr_par' dir='ltr' id='par_1_7' title="bbox 332 3180 1296 3426">
     <span class='ocr_line' id='line_1_24' title="bbox 332 3180 1296 3306; baseline 0.01 -28"><span class='ocrx_word' id='word_1_154' title='bbox 332 3212 402 3300; x_wconf 90' lang='lat' dir='ltr'><strong>Qui</strong></span> <span class='ocrx_word' id='word_1_155' title='bbox 420 3211 556 3306; x_wconf 84' lang='lat' dir='ltr'><strong>genuit,</strong></span> <span class='ocrx_word' id='word_1_156' title='bbox 576 3206 652 3304; x_wconf 92' lang='lat' dir='ltr'><strong>plus</strong></span> <span class='ocrx_word' id='word_1_157' title='bbox 670 3209 740 3302; x_wconf 86' lang='lat' dir='ltr'><strong>ipse</strong></span> <span class='ocrx_word' id='word_1_158' title='bbox 756 3205 847 3299; x_wconf 81' lang='lat' dir='ltr'><strong>ferit,</strong></span> <span class='ocrx_word' id='word_1_159' title='bbox 864 3207 940 3305; x_wconf 81' lang='lat' dir='ltr'><strong>plus</strong></span> <span class='ocrx_word' id='word_1_160' title='bbox 957 3210 1057 3282; x_wconf 81' lang='lat' dir='ltr'><strong>eorde</strong></span> <span class='ocrx_word' id='word_1_161' title='bbox 1072 3218 1136 3287; x_wconf 87' lang='lat' dir='ltr'><strong>suh</strong></span> <span class='ocrx_word' id='word_1_162' title='bbox 1150 3216 1220 3287; x_wconf 88' lang='lat' dir='ltr'><strong>altc</strong></span> <span class='ocrx_word' id='word_1_163' title='bbox 1286 3180 1296 3195; x_wconf 41' lang='lat'><em>⁶</em></span> 
     </span>
     <span class='ocr_line' id='line_1_25' title="bbox 332 3327 1183 3426; baseline 0.004 -22"><span class='ocrx_word' id='word_1_164' title='bbox 332 3332 480 3404; x_wconf 78' lang='lat' dir='ltr'><strong>Caeditur</strong></span> <span class='ocrx_word' id='word_1_165' title='bbox 498 3327 701 3401; x_wconf 72' lang='lat' dir='ltr'><strong>intendmt</strong></span> <span class='ocrx_word' id='word_1_166' title='bbox 719 3331 833 3419; x_wconf 77' lang='lat' dir='ltr'><strong>cunei3</strong></span> <span class='ocrx_word' id='word_1_167' title='bbox 852 3347 1021 3426; x_wconf 80' lang='lat' dir='ltr'><strong>spectatur</strong></span> <span class='ocrx_word' id='word_1_168' title='bbox 1040 3330 1183 3409; x_wconf 68' lang='lat' dir='ltr'><strong>athletas</strong></span> 
     </span>
    </p>

    <p class='ocr_par' dir='ltr' id='par_1_8' title="bbox 331 3448 1222 3673">
     <span class='ocr_line' id='line_1_26' title="bbox 331 3448 1222 3550; baseline 0.006 -25"><span class='ocrx_word' id='word_1_169' title='bbox 331 3452 391 3525; x_wconf 82' lang='lat' dir='ltr'><strong>Ille</strong></span> <span class='ocrx_word' id='word_1_170' title='bbox 408 3452 530 3548; x_wconf 81' lang='lat' dir='ltr'><strong>magis,</strong></span> <span class='ocrx_word' id='word_1_171' title='bbox 549 3451 669 3522; x_wconf 72' lang='lat' dir='ltr'><strong>erebro</strong></span> <span class='ocrx_word' id='word_1_172' title='bbox 687 3448 770 3520; x_wconf 90' lang='lat' dir='ltr'><strong>dnm</strong></span> <span class='ocrx_word' id='word_1_173' title='bbox 787 3448 915 3523; x_wconf 81' lang='lat' dir='ltr'><strong>lumina</strong></span> <span class='ocrx_word' id='word_1_174' title='bbox 933 3453 1080 3550; x_wconf 85' lang='lat' dir='ltr'><strong>pulveris</strong></span> <span class='ocrx_word' id='word_1_175' title='bbox 1098 3458 1222 3530; x_wconf 81' lang='lat' dir='ltr'><strong>haustu</strong></span> 
     </span>
     <span class='ocr_line' id='line_1_27' title="bbox 332 3574 1094 3673; baseline 0.003 -26"><span class='ocrx_word' id='word_1_176' title='bbox 332 3574 514 3662; x_wconf 63' lang='lat' dir='ltr'><strong>Obrutus</strong></span> <span class='ocrx_word' id='word_1_177' title='bbox 527 3597 646 3672; x_wconf 83' lang='lat' dir='ltr'><strong>prensa</strong></span> <span class='ocrx_word' id='word_1_178' title='bbox 662 3590 761 3646; x_wconf 83' lang='lat' dir='ltr'><strong>vovet</strong></span> <span class='ocrx_word' id='word_1_179' title='bbox 779 3579 947 3673; x_wconf 85' lang='lat' dir='ltr'><strong>exspirare</strong></span> <span class='ocrx_word' id='word_1_180' title='bbox 962 3602 1094 3649; x_wconf 87' lang='lat' dir='ltr'><strong>corona.</strong></span> 
     </span>
    </p>

    <p class='ocr_par' dir='ltr' id='par_1_9' title="bbox 329 3693 1288 3913">
     <span class='ocr_line' id='line_1_28' title="bbox 330 3693 1288 3796; baseline 0.008 -29"><span class='ocrx_word' id='word_1_181' title='bbox 330 3698 393 3767; x_wconf 85' lang='lat' dir='ltr'><strong>llei</strong></span> <span class='ocrx_word' id='word_1_182' title='bbox 411 3696 510 3785; x_wconf 89' lang='lat' dir='ltr'><strong>mihi,</strong></span> <span class='ocrx_word' id='word_1_183' title='bbox 527 3693 620 3790; x_wconf 86' lang='lat' dir='ltr'><strong>quod</strong></span> <span class='ocrx_word' id='word_1_184' title='bbox 634 3711 765 3766; x_wconf 82' lang='lat' dir='ltr'><strong>tantum</strong></span> <span class='ocrx_word' id='word_1_185' title='bbox 781 3700 905 3793; x_wconf 85' lang='lat' dir='ltr'><strong>patrias</strong></span> <span class='ocrx_word' id='word_1_186' title='bbox 925 3721 988 3796; x_wconf 83' lang='lat' dir='ltr'><strong>ego</strong></span> <span class='ocrx_word' id='word_1_187' title='bbox 1002 3702 1127 3772; x_wconf 82' lang='lat' dir='ltr'><strong>vertice</strong></span> <span class='ocrx_word' id='word_1_188' title='bbox 1143 3702 1288 3775; x_wconf 77' lang='lat' dir='ltr'><strong>frondes</strong></span> 
     </span>
     <span class='ocr_line' id='line_1_29' title="bbox 329 3814 1110 3913; baseline 0.004 -24"><span class='ocrx_word' id='word_1_189' title='bbox 329 3816 473 3913; x_wconf 82' lang='lat' dir='ltr'><strong>Solaque</strong></span> <span class='ocrx_word' id='word_1_190' title='bbox 488 3814 687 3889; x_wconf 71' lang='lat' dir='ltr'><strong>chalcities</strong></span> <span class='ocrx_word' id='word_1_191' title='bbox 704 3818 854 3889; x_wconf 85' lang='lat' dir='ltr'><strong>Cerealia</strong></span> <span class='ocrx_word' id='word_1_192' title='bbox 872 3818 961 3891; x_wconf 87' lang='lat' dir='ltr'><strong>dona</strong></span> <span class='ocrx_word' id='word_1_193' title='bbox 979 3846 1110 3892; x_wconf 82' lang='lat' dir='ltr'><strong>eoronae</strong></span> 
     </span>
    </p>

    <p class='ocr_par' dir='ltr' id='par_1_10' title="bbox 328 3936 1155 4034">
     <span class='ocr_line' id='line_1_30' title="bbox 328 3936 1155 4034; baseline 0.004 -23"><span class='ocrx_word' id='word_1_194' title='bbox 328 3945 377 4012; x_wconf 87' lang='lat' dir='ltr'><strong>Te</strong></span> <span class='ocrx_word' id='word_1_195' title='bbox 391 3940 453 4010; x_wconf 88' lang='lat' dir='ltr'><strong>sub</strong></span> <span class='ocrx_word' id='word_1_196' title='bbox 470 3954 554 4009; x_wconf 86' lang='lat' dir='ltr'><strong>teste</strong></span> <span class='ocrx_word' id='word_1_197' title='bbox 570 3936 648 4010; x_wconf 89' lang='lat' dir='ltr'><strong>tuli!</strong></span> <span class='ocrx_word' id='word_1_198' title='bbox 667 3939 800 4034; x_wconf 88' lang='lat' dir='ltr'><strong>qualem</strong></span> <span class='ocrx_word' id='word_1_199' title='bbox 815 3958 848 4012; x_wconf 87' lang='lat' dir='ltr'><strong>te</strong></span> <span class='ocrx_word' id='word_1_200' title='bbox 865 3942 1045 4014; x_wconf 85' lang='lat' dir='ltr'><strong>Dardanus</strong></span> <span class='ocrx_word' id='word_1_201' title='bbox 1063 3942 1155 4015; x_wconf 82' lang='lat' dir='ltr'><strong>Albae</strong></span> 
     </span>
    </p>

    <p class='ocr_par' dir='ltr' id='par_1_11' title="bbox 328 4062 1116 4157">
     <span class='ocr_line' id='line_1_31' title="bbox 328 4062 1116 4157; baseline 0.01 -28"><span class='ocrx_word' id='word_1_202' title='bbox 328 4063 395 4131; x_wconf 86' lang='lat' dir='ltr'><strong>Vix</strong></span> <span class='ocrx_word' id='word_1_203' title='bbox 412 4062 551 4157; x_wconf 76' lang='lat' dir='ltr'><strong>cepisset</strong></span> <span class='ocrx_word' id='word_1_204' title='bbox 567 4085 663 4156; x_wconf 84' lang='lat' dir='ltr'><strong>ager,</strong></span> <span class='ocrx_word' id='word_1_205' title='bbox 684 4064 711 4132; x_wconf 90' lang='lat' dir='ltr'><strong>si</strong></span> <span class='ocrx_word' id='word_1_206' title='bbox 729 4086 790 4157; x_wconf 87' lang='lat' dir='ltr'><strong>per</strong></span> <span class='ocrx_word' id='word_1_207' title='bbox 809 4088 862 4134; x_wconf 89' lang='lat' dir='ltr'><strong>me</strong></span> <span class='ocrx_word' id='word_1_208' title='bbox 882 4080 968 4137; x_wconf 85' lang='lat' dir='ltr'><strong>serta</strong></span> <span class='ocrx_word' id='word_1_209' title='bbox 986 4064 1116 4137; x_wconf 86' lang='lat' dir='ltr'><strong>tulisses</strong></span> 
     </span>
    </p>
   </div>
   <div class='ocr_carea' id='block_1_4' title="bbox 0 0 1472 4950">
    <p class='ocr_par' dir='ltr' id='par_1_12' title="bbox 0 0 1472 4950">
     <span class='ocr_line' id='line_1_32' title="bbox 0 0 1472 4950; baseline 0 4"><span class='ocrx_word' id='word_1_210' title='bbox 0 0 1472 4950; x_wconf 95' lang='lat' dir='ltr'><strong> </strong></span> 
     </span>
    </p>
   </div>
  </div>
 </body>
</html>
