2934 4950
82 467 181 530 (mas.)
379 467 592 528 THEBAIDOS
611 470 722 534 LIBER
742 441 777 526 11.
1056 489 1110 546 199

81 596 267 690 Corripuere
286 594 386 682 toris;
405 592 480 666 illos
499 610 576 690 post
595 597 733 666 verbera
753 596 873 684 sessos,

81 723 315 813 Exceptamque
334 718 479 788 hiems·
496 742 603 790 eornu
619 717 814 814 perfuderat
831 719 923 788 omni

81 843 210 909 Somnus
227 865 236 909 ε
255 855 290 910 at
306 839 445 910 machin
462 839 574 910 tenuis
589 841 653 912 sub
670 855 806 937 pectore
825 841 894 946 regi

80 967 186 1033 Tracta
200 965 312 1058 quies,
329 961 411 1034 dum
427 979 542 1034 mente
558 967 649 1035 Deos
667 965 868 1060 inceptaque
883 980 992 1034 versat

80 1085 232 1180 Hospitis,
252 1100 287 1155 et
306 1109 381 1179 quaa
398 1085 466 1156 sint
483 1087 614 1182 queris
631 1085 757 1156 adscita
774 1088 915 1181 repertis

79 1209 150 1276 ran
162 1221 286 1277 movet.
304 1211 486 1302 Postquam
503 1207 621 1279 mediis
641 1209 677 1278 in
691 1207 825 1278 sedibus
843 1204 928 1276 aulae

80 1328 260 1422 Congressi,
279 1330 380 1424 inque
396 1330 504 1399 sicem
521 1328 654 1399 dextras
668 1331 827 1423 junxere,
849 1326 1026 1421 lorumque

79 1448 147 1536 Quo
163 1474 273 1520 serere
289 1475 428 1520 mounes
444 1465 581 1546 aptum,
599 1465 702 1545 atque
720 1449 873 1520 evolvere
891 1473 1005 1538 curas,

79 1571 239 1661 lnsidunt3
256 1573 351 1668 prior
367 1573 419 1644 bis
434 1571 556 1643 dubios
574 1570 755 1668 compellat
772 1571 954 1642 Adrastus:

119 1695 277 1792 «Egregii
290 1697 469 1790 juvenum,
487 1719 573 1791 quos
590 1719 659 1766 non
675 1695 748 1766 sine
765 1692 904 1764 numine
921 1695 1034 1788 regnis

77 1816 196 1887 invexit
214 1840 285 1887 nox
301 1816 419 1887 dextra
435 1817 538 1906 meis,
556 1817 678 1912 quibua
695 1818 767 1915 ipse
785 1842 846 1914 per
862 1815 985 1886 imbres

77 1936 278 2008 Fulminibus
296 1939 436 2030 mixtos,
454 1937 763 2037 intempestumque
781 1941 970 2010 Tonantem

77 2063 137 2130 Hos
153 2083 249 2132 meus
266 2083 374 2157 traque
390 2062 509 2133 domos
525 2063 664 2158 vestigia
682 2061 762 2132 fecit
778 2059 920 2158 Apollo;

78 2183 146 2252 Nou
161 2179 321 2276 equidem
336 2184 520 2254 obscurum
537 2183 652 2273 vobis,
669 2180 827 2278 plebique
842 2179 988 2277 Pelasga

77 2306 148 2378 Fere
161 2330 251 2398 reor,
270 2306 403 2402 quentis
422 2306 592 2376 connubia
608 2320 724 2376 nostra
741 2328 922 2400 procorum

78 2429 179 2500 Turba
196 2443 316 2526 petant
331 2425 468 2518 studiis3
484 2427 626 2523 geminas
644 2425 726 2496 mihi
745 2449 910 2521 namque,
927 2437 1089 2520 nepotum

78 2550 386 2646 tantidemque
402 2550 590 2647 pubescunt
607 2548 717 2619 sidere
732 2563 829 2618 nate.

79 2675 225 2764 Quantars
241 2674 368 2764 honos,
384 2687 598 2768 quantusque
614 2670 736 2767 pudor,
755 2695 798 2739 ne
815 2670 941 2740 credite
959 2672 1068 2765 patri,

77 2798 116 2864 Et
129 2820 229 2891 super
245 2796 421 2866 hesternas
437 2793 535 2865 licuit
550 2816 752 2892 oognosoere
766 2818 909 2865 mensas.

78 2920 137 2987 Has
153 2916 275 2988 tarmidi
293 2914 395 3007 solio,
412 2931 449 2990 et
466 2915 534 2987 late
551 2918 805 2988 dominantibus
822 2919 924 2987 urnis

79 3041 238 3133 Optnrere
253 3039 319 3107 riri
336 3036 493 3135 (longum
508 3064 706 3109 enumerare
723 3040 879 3109 Pharaeos

79 3159 294 3256 OEbaiiosque
310 3159 443 3255 duces),
449 3175 484 3230 et
500 3162 621 3236 Aehaea
640 3186 702 3256 por
718 3160 844 3258 oppido
861 3176 1003 3250 matres,

80 3283 169 3377 Spem
187 3285 337 3380 generis,
356 3308 418 3353 neo
433 3281 533 3380 plura
551 3298 629 3354 tuus
648 3284 845 3379 despexerat
862 3286 1001 3355 OEneus

74 3404 209 3493 sotera,
222 3404 405 3500 Pisaeisque
420 3428 515 3477 socer
530 3404 729 3475 metuendus
749 3405 897 3476 habenis.

79 3524 137 3595 Sed
151 3525 234 3597 mihi
254 3550 317 3596 neo
331 3528 451 3621 Sparte
469 3528 616 3622 genitos,
634 3552 696 3596 nec
714 3527 756 3596 ab
772 3524 868 3597 Elide
886 3528 1005 3597 missos

78 3648 214 3744 Iungere
229 3645 280 3716 sas
300 3670 465 3743 gemmos:
483 3648 577 3719 vobis
593 3649 648 3718 hio
664 3650 815 3744 sanguis,
832 3664 868 3719 et
885 3646 970 3721 aulae

79 3768 159 3838 eum
173 3792 270 3856 mser,
286 3766 389 3865 longo
406 3770 616 3864 promittitur
633 3770 753 3839 ordine
770 3769 840 3840 fati.

79 3886 118 3957 Di
134 3889 236 3979 bene,
254 3888 349 3984 quod
366 3888 447 3961 tales
465 3892 671 3987 stirpemque
687 3892 882 3986 animosque
897 3893 1038 3979 venitis,

79 4010 120 4077 Ut
134 4034 292 4106 responsa
305 4014 424 4106 juvent
439 4039 447 4080 :
465 4012 520 4081 hio
538 4012 630 4082 dure
648 4027 798 4107 tempore
820 4014 927 4083 noctis

80 4132 188 4211 Partus
204 4135 311 4207 horos
326 4160 333 4203 ε
347 4135 418 4204 haeo
436 4132 493 4207 itta
513 4137 605 4205 veuit
625 4149 699 4231 post
720 4135 856 4206 verbera
876 4162 1041 4207 merces.»
