2934 4950
344 467 402 525 aad
661 461 874 520 THEBAfflOS
896 459 1006 516 LIBER
1028 457 1081 512 lll.
1276 452 1378 516 (aiot.)

343 601 418 665 Heu
435 594 609 662 dominum
625 591 732 660 insani
751 615 818 659 non
831 611 998 684 agnovere
1018 583 1172 672 Molossi,

344 717 504 787 Dellerim
520 716 646 811 magis,
668 726 726 782 aut
746 737 845 782 verso
865 709 957 805 quod
974 709 1137 803 sanguine
1156 703 1255 775 fluxit

344 842 385 907 ln
401 837 529 907 subitos
544 836 659 930 regina
675 832 767 903 lacus
783 859 791 901 ε
810 833 857 902 sic
875 831 947 901 dira
966 832 1120 900 'sororum

343 964 452 1030 Pensa
469 957 609 1044 dabunt,
626 957 804 1049 visumque
823 955 898 1025 Jovi
915 979 925 1022 r
944 976 1034 1022 nnnc
1053 951 1141 1044 regis
1162 946 1270 1043 iniqui

345 1081 400 1152 Ob
415 1104 537 1150 nonam
557 1079 743 1148 immeritos
762 1075 879 1176 petrin
894 1088 944 1144 tot
963 1072 1110 1145 culmina
1129 1073 1218 1142 cives

344 1203 528 1285 Exuimus3
546 1221 608 1273 nec
623 1201 733 1273 adhuc
751 1199 870 1270 calcati
891 1175 1151 1294 saederis‘nrgos

345 1325 448 1391 Fama
468 1321 578 1413 subit,
595 1339 628 1392 et
640 1326 710 1418 jam
726 1320 892 1391 bellorum
908 1335 1056 1390 extrema
1070 1317 1233 1388 dolemus.

345 1446 505 1534 Quantus
521 1446 631 1538 equis,
648 1458 861 1539 quantusque
879 1443 959 1511 viris
976 1442 1011 1510 in
1031 1438 1169 1537 pulvere
1187 1460 1300 1508 crasso

347 1562 478 1637 Sudor!
500 1568 532 1634 io
551 1567 668 1659 quianti
688 1563 823 1634 crudele
842 1563 1004 1634 rubebitis
1021 1557 1151 1633 amnes!

347 1687 481 1757 'Viderit
498 1688 568 1756 haec
585 1683 673 1754 bello
692 1683 808 1754 viridis
827 1709 947 1754 manus
966 1711 974 1752 :
990 1699 1042 1754 ast
1060 1707 1122 1779 ego
1141 1680 1249 1750 doner

349 1812 440 1878 Dum
458 1806 536 1878 licet
547 1801 630 1902 'igne
649 1829 742 1895 meo,
761 1820 917 1900 terraque
934 1807 1101 1874 insternar
1118 1804 1210 1872 avita
1221 1798 1229 1870 l
1240 1831 1257 1865 s

400 1932 480 1996 Haec
497 1928 630 1996 senior:
649 1923 861 2020 multumque
877 1925 969 1995 nefas
989 1923 1135 1995 Eteoclis
1153 1923 1303 2009 acerbat,

354 2047 532 2119 Crudelem
552 2045 796 2142 infandumque
818 2073 959 2135 vocans,
980 2070 1161 2142 poenasque
1182 2045 1347 2116 daturum.

352 2168 451 2239 Unde
471 2194 510 2239 ea
527 2166 685 2237 libertas?
699 2169 796 2263 juxta
815 2166 863 2237 illi
885 2167 960 2236 finis
976 2182 1011 2236 et
1025 2183 1104 2236 aetas

353 2293 437 2360 Tota
456 2305 566 2377 retro,
585 2314 733 2384 seraeque
750 2289 829 2359 velit
846 2290 949 2358 decus
965 2287 1088 2358 addere
1107 2289 1219 2356 morti.

402 2415 481 2482 Haec
499 2425 591 2481 sator
607 2428 775 2483 astrorum
794 2409 994 2507 jamdudum
1012 2435 1030 2481 e
1048 2409 1174 2480 vertice
1190 2406 1309 2479 mundi

354 2537 593 2628 Prospectans‚
614 2536 790 2629 primoque
806 2534 951 2603 imbutas
970 2532 1131 2628 sanguine
1149 2546 1281 2628 gentes,

358 2654 544 2724 Gradivum
566 2656 667 2725 acciri
686 2680 829 2750 propere
844 2656 949 2750 jubet.
970 2654 1031 2724 Ille
1052 2654 1199 2724 furentes

354 2775 528 2864 Bistonas,
549 2792 582 2844 et
600 2779 735 2847 Getieas
754 2775 934 2872 populatus
947 2777 1093 2847 caedibus
1110 2778 1231 2865 urbes,

265 2979 268 2984 ⁴
355 2897 526 2966 Turbidus
543 2898 703 2967 aethereas
721 2921 840 2967 currus
858 2898 1000 2994 urgebat
1014 2899 1056 2967 ad
1077 2924 1187 2986 arees3

358 3016 511 3086 Fulmine
531 3020 702 3087 cristatum
720 3018 821 3113 galeae
836 3020 947 3113 jubar,
964 3044 1123 3115 armaque
1143 3024 1177 3089 in
1196 3046 1280 3091 auro

357 3138 499 3225 Tristia,
522 3138 677 3207 terrificis
696 3154 926 3211 monstrorum
945 3142 1093 3210 animata
1110 3140 1246 3238 figuris,

305 3256 309 3260 ’
358 3259 530 3327 Incutiens
548 3284 556 3325 ε
573 3273 671 3327 tonat
686 3284 747 3328 axe
769 3258 885 3356 polus,
907 3262 1082 3357 clypeique
1103 3276 1241 3331 cruenta
1338 3315 1341 3321 .

358 3380 435 3448 Lux
449 3377 568 3462 rubet,
588 3395 622 3448 et
640 3378 745 3450 solem
764 3380 863 3477 longe
881 3382 958 3453 ferit
974 3382 1114 3453 aemulus
1132 3384 1233 3454 orbis.

408 3503 509 3569 Hune
528 3500 585 3569 ubi
606 3504 808 3573 Sarmatioos
826 3506 1011 3574 etiamnum
1033 3504 1147 3576 efflare
1162 3504 1291 3587 labores

360 3622 526 3716 luppiter,
543 3636 576 3691 et
594 3635 662 3691 tota
678 3624 851 3717 perfusum
867 3643 1003 3722 pectora
1021 3625 1100 3698 belli

361 3745 572 3838 Tempestate
591 3744 709 3814 videt:
739 3744 854 3817 «Talis
873 3751 973 3836 mihi,
992 3766 1087 3841 nate,
1107 3776 1167 3847 per
1189 3754 1313 3847 Argos,

362 3862 451 3933 Talis
471 3863 526 3934 abi
542 3890 550 3933 ε
568 3867 616 3935 sic
634 3891 714 3936 ense
731 3868 885 3959 madens,
906 3896 945 3942 ae
963 3873 1099 3943 nubilus
1117 3877 1177 3943 ira.

363 3985 552 4055 Exturbent
568 3988 690 4058 resides
709 3989 839 4081 frenos3
859 4008 894 4062 et
909 4011 1032 4066 cuncta
1047 3999 1157 4092 perosi

364 4108 411 4177 Te
432 4110 590 4205 cupiant,
610 4111 670 4179 tibi
689 4115 878 4209 precipites
896 4118 1108 4212 animasque,
1125 4144 1310 4216 manusque
