2934 4950
280 411 323 473 ΙΝ
342 419 372 474 P.
394 420 424 473 P.
447 417 574 474 suurn
586 417 686 473 -SILV.
708 419 779 473 LlB.
801 419 839 473 11.
1028 419 1081 475 261
1141 365 1150 388 1

53 533 99 589 sire
111 543 244 608 aptentur
256 546 285 590 et
298 536 422 611 cingant.
437 537 514 592 Bene
527 535 688 610 explicatur
701 536 783 592 locus
802 534 961 592 imitatione
975 536 1087 594 Sidonii

52 628 220 701 Apollinaris,
235 647 324 704 quam
338 629 440 686 Mar'sl.
456 639 617 705 comparat,
632 630 729 704 Epist.
744 648 818 700 vsu,
836 639 893 684 rr':

195 811 307 875 spemn
319 807 410 874 stringe
418 823 513 858 comam
525 805 619 858 virente
629 807 702 867 vitta3

196 897 226 943 Et
239 909 310 959 rugas
320 894 368 944 tibi
376 893 485 960 syrmatis
495 891 610 960 profrrudi

203 978 347 1044 Suedngant
355 978 433 1028 edere
444 977 611 1045 expeditiores.

83 1161 242 1226 dalbbuem
254 1167 293 1248 (v.
309 1169 367 1247 32).
383 1171 441 1242 Qui
455 1181 577 1246 patruus
591 1180 652 1228 erat
664 1171 774 1228 Lucani
788 1182 816 1229 et
829 1174 942 1229 Senecae
955 1173 1051 1230 irater.
1090 1229 1094 1244 ,

82 1266 223 1321 Etdoetos
235 1266 342 1341 equites
349 1264 386 1341 (v.
399 1263 461 1342 46).
470 1262 560 1337 Quod
572 1283 674 1320 verum
687 1283 746 1323 ene
759 1265 805 1320 rel
814 1265 973 1322 Arbuscula
987 1267 1083 1324 liora-

50 1357 114 1414 tiana
122 1358 264 1429 ostendit,
278 1382 291 1410 ι
302 1358 368 1416 satis
381 1369 424 1414 est
431 1359 556 1434 equitem
564 1357 635 1415 mibi
647 1358 813 1436 plaudere.»
822 1366 976 1436 argutatur
984 1360 1084 1444 Mark-

50 1451 113 1508 um
133 1463 171 1508 es
183 1454 295 1509 «cusu
314 1452 447 1528 muru.
465 1451 598 1526 repono,
617 1469 676 1526 qua
692 1451 722 1506 in
742 1471 773 1508 re
787 1443 870 1508 ettam
884 1437 1086 1508 summum

51 1546 236 1602 assentientem
249 1545 349 1617 babet,
363 1547 406 1602 ad
423 1546 538 1620 Gregor.
555 1543 693 1614 Corinth„
708 1563 738 1619 p.
754 1544 822 1616 307,
837 1543 881 1600 ed.
896 1545 993 1601 Schaef.
1037 1569 1039 1574 ·

80 1639 210 1713 higratio
224 1638 303 1694 Nero
315 1635 354 1714 (v.
369 1636 407 1695 58
421 1638 486 1714 sq.).
501 1632 612 1695 Auctor
623 1637 688 1693 vitae
701 1637 812 1693 Lucani
826 1655 833 1692 ε
849 1637 966 1694 «Prima
979 1637 1087 1714 ingenii

49 1733 230 1804 experimenta
242 1731 274 1787 in
286 1731 422 1789 laudibus
434 1732 559 1788 Neronis
573 1730 654 1787 dedit
666 1726 878 1806 ipulnqumnali
893 1719 1055 1787 certamine.
1071 1755 1086 1783 s

48 1826 134 1882 Athic
152 1851 166 1877 ι
181 1844 368 1900 nequaquam
380 1826 408 1881 ei
426 1825 518 1882 vicem
534 1824 679 1895 reddidit,
693 1823 872 1881 laudatorem
889 1843 972 1881 suum
992 1824 1087 1898 primo

48 1920 201 1991 emulatus,
223 1938 294 1975 mox
316 1918 489 1995 refrigerans
507 1919 750 1994 deprimensque,
769 1917 896 1994 denique
917 1917 1086 1974 occidens.»

48 2013 191 2083 Gnoson,
205 2032 235 2087 p.
254 2011 318 2070 183.
327 2015 423 2084 Quare
433 2013 796 2089 agruim-Proferam,
811 2011 1001 2068 exhibebitur.
1017 2011 1088 2067 ..Ti-

48 2107 113 2162 tulus
125 2107 214 2179 hujus
225 2106 375 2180 poematii,
390 2105 420 2162 in
434 2125 496 2182 quo
509 2106 546 2163 de
559 2106 694 2180 Orpheos
707 2105 846 2162 descensu
859 2105 896 2162 ad
910 2104 1017 2162 inferos
1030 2106 1087 2181 egit

48 2199 183 2272 Lucanus,
196 2199 267 2270 fuit,
281 2198 577 2280 eredo,Kura2'to'ssoe‚
590 2189 790 2274 Subtemeus
796 2239 807 2268 ,
829 2218 880 2255 seu
890 2198 1019 2273 Orpheus
1035 2200 1088 2255 Cu-

50 2293 217 2349 tucitiomos
233 2313 244 2348 .·
260 2279 318 2350 boc
330 2293 401 2349 mihi
419 2293 558 2372 suggessit
569 2293 716 2366 Lutatius,
731 2293 783 2367 qui
804 2292 841 2348 ad
864 2291 999 2349 Thebaid.
1007 2331 1017 2359 ,
1039 2309 1087 2360 rx,

51 2393 110 2458 lat,
123 2387 198 2443 duos
214 2405 314 2443 versus
335 2385 403 2443 citat
421 2406 458 2444 ex
477 2386 587 2443 Lucani
603 2387 763 2462 Catagooio
775 2375 827 2456 (sic
848 2383 969 2440 totidem
986 2384 1087 2440 litteris

49 2480 140 2554 legitur
158 2480 244 2537 etiam
262 2480 295 2536 in
315 2480 380 2538 cod
393 2481 490 2558 Regin
502 2481 697 2552 bibliotheca,
709 2498 754 2534 nr.
770 2476 859 2557 8063)
863 2499 873 2550 3
887 2496 974 2553 quam
987 2497 1086 2534 rocem

50 2572 193 2651 intelligere
209 2576 348 2632 hactenus
359 2593 419 2632 non
433 2578 587 2631 valuerunt
599 2573 654 2630 viri
669 2571 790 2643 eruditi3
804 2570 856 2627 sed
869 2570 892 2627 si
904 2573 981 2647 legas
996 2571 1085 2627 Cata-

49 2666 170 2724 ‹itlromb
178 2680 206 2725 et
213 2668 250 2725 de
262 2668 377 2743 Orpheo
383 2670 465 2744 apud
474 2668 587 2739 Irfferos
594 2666 731 2741 accipias,
746 2675 894 2721 evanescet
907 2664 1065 2721 obscuritas
1080 2687 1086 2721 :

50 2758 94 2815 nisi
104 2762 184 2818 malis
199 2762 318 2819 Catonrb
324 2801 335 2829 ‚
350 2760 453 2818 eodem
466 2778 564 2833 seusu,
578 2760 616 2817 de
635 2778 695 2835 quo
714 2757 865 2815 adeundus
878 2759 1030 2815 Salmasius
1048 2759 1086 2815 ad

49 2854 196 2927 spartian,
209 2856 296 2923 Adu,
311 2873 341 2928 p.
359 2874 428 2926 17¹3
441 2863 470 2909 et
483 2854 540 2910 boc
553 2855 628 2910 forte
640 2850 755 2923 verius3
767 2850 833 2907 vide
847 2851 926 2924 Cro,
940 2852 1032 2926 Epist.
1046 2854 1089 2906 ad

51 2946 137 3014 Fam,
165 2966 226 3018 m,
246 2944 293 3004 ab.
310 2970 323 2996 ι
341 2949 459 3003 Minus.
478 2946 611 3003 Certiora
629 2945 749 3001 fortasse
767 2943 855 2999 habes
872 2942 903 2998 in
923 2962 1000 3000 nora
1018 2942 1085 2999 edit

49 3038 162 3113 Lucani,
175 3058 265 3117 qoam
277 3038 308 3094 in
319 3038 375 3095 hac
387 3039 463 3095 urbe
475 3038 574 3096 videre
586 3057 648 3096 uon
660 3036 816 3114 potuimus.

72 3134 216 3190 -Formm
229 3134 332 3190 &core
345 3128 383 3210 (r.
398 3130 437 3189 85
450 3130 514 3211 sep).
530 3134 591 3189 Hos
603 3150 701 3189 versus
714 3130 817 3187 Markl.
830 3130 933 3187 merito
946 3148 1002 3205 pro
1015 3149 1087 3206 spu-

84 3322 166 3376 Festa
180 3317 221 3400 (v.
235 3317 297 3396 90).
311 3320 383 3378 Cod.
397 3320 519 3398 Rhedig.
535 3342 542 3377 ε
558 3345 571 3374 s
586 3322 651 3379 iata.
667 3338 706 3373 s·
817 3343 819 3353 .

84 3427 129 3483 Sic
139 3442 167 3485 er
176 3440 206 3485 tu
219 3425 325 3504 (rubidi
336 3428 420 3498 nesus
434 3432 553 3504 tyrurmi
558 3432 571 3485 l
577 3428 588 3509 )
602 3432 703 3487 Iussus
718 3427 757 3507 (v.
775 3426 852 3507 roo).
867 3425 1041 3485 Wakefield)
1050 3426 1087 3483 ad

49 3520 165 3594 lucrm,
178 3541 220 3594 11,
235 3540 310 3598 7995
323 3521 436 3597 scripsit
450 3543 458 3579 τ
472 3547 485 3574 ι
498 3525 526 3581 S.
542 3534 570 3582 et
583 3520 619 3581 t!
628 3524 731 3584 rabido
745 3519 861 3600 (neiasl)
875 3533 997 3597 tyranno
1017 3523 1085 3577 Jus-

51 3631 101 3683 Slls,
114 3625 164 3671 Cic.
173 3642 186 3668 s

89 3708 187 3763 Terras
204 3710 327 3784 despicis
345 3722 375 3767 et
386 3713 520 3787 sepulcra
539 3712 616 3768 rides
631 3708 673 3788 (v.
692 3706 769 3786 iro).
789 3706 924 3763 «Allndit
942 3707 980 3764 ad
998 3705 1087 3781 ipsius

50 3798 147 3855 lnoera'
159 3802 265 3872 verba,
278 3802 362 3860 initio
381 3803 449 3861 libri
462 3824 508 3876 ιι,
522 3804 560 3861 de
572 3804 720 3878 Pompeio.
738 3826 750 3852 s
765 3804 883 3857 Marus.
903 3802 973 3875 Sqq.
988 3818 1087 3854 versus

50 3888 117 3948 bene
129 3895 250 3969 explicat
261 3898 405 3970 Gronov„
417 3918 447 3973 p.
465 3916 522 3973 ¹19
532 3918 595 3973 sqq.
610 3918 617 3952 ε
633 3898 713 3953 «Seu
722 3905 801 3951 tenes
813 3895 929 3949 beatum
943 3894 973 3948 in
986 3890 1087 3967 Elysiis

50 3986 148 4059 campis
158 3999 187 4043 et
198 3989 273 4045 bene
287 3991 413 4047 meritam
421 3989 478 4067 (ita
490 3991 567 4047 euim
580 3990 663 4068 legit,
678 3988 730 4045 etsi
744 3990 863 4045 alterum
872 4006 951 4062 aeque
965 3983 1085 4059 rectum)

50 4094 142 4135 nemus
154 4081 272 4155 quietis,
286 4102 374 4157 quarn
386 4094 419 4139 tu
432 4083 552 4141 inducto
568 4095 596 4141 et
608 4083 728 4139 reducto
744 4081 862 4155 Orpheo
876 4078 1023 4137 reclusisti.
1041 4101 1052 4127 n

381 4304 444 4353 w
