2934 4950
385 432 423 489 90
701 412 912 470 muamus
932 412 1044 468 LIBER
1057 410 1122 466 vn.
1326 411 1356 471 (v.
1367 408 1409 465 55.)

286 520 288 527 ‚
386 540 564 611 Terrarum
581 538 705 605 exuvie
724 539 865 626 circum,
882 551 916 605 et
931 536 1059 631 fastigia
1077 532 1191 629 templi

384 658 498 750 Captae
517 656 719 750 insignibant
738 644 867 750 gentes,
885 654 1063 749 caelataque
1078 653 1167 723 ferro

385 776 560 869 Fragminu
581 792 776 869 portarum,
802 774 1052 869 bellatricesque
1069 776 1208 859 carine,

383 884 427 963 Et
445 896 540 963 vacui
557 920 693 982 currus,
710 898 918 990 protritaque
935 896 1088 964 curribus
1108 918 1181 984 ora,

383 1018 478 1083 Paene
494 1016 593 1085 etiam
611 1017 769 1111 gemitus3
786 1016 870 1086 adeo
888 1019 937 1085 vis
951 1017 1076 1104 omnis,
1098 1032 1133 1085 et
1147 1040 1247 1085 omne

382 1132 530 1207 Vulnus!
550 1136 674 1230 ubique
690 1138 815 1231 ipsum,
833 1137 891 1206 sed
909 1163 978 1206 non
994 1160 1135 1231 usquam
1152 1159 1209 1206 ore
1224 1134 1361 1204 remisso

383 1260 529 1328 Cernere
548 1272 619 1325 erat
634 1284 642 1323 ε
659 1256 759 1327 talem
778 1257 891 1326 divina
909 1257 1074 1327 Mulciber
1093 1272 1163 1326 arte

383 1375 543 1447 Ediderat
558 1403 568 1446 τ
584 1376 733 1447 nondum
752 1376 854 1448 radiis
872 1393 1074 1447 monstratus
1090 1376 1218 1447 adulter

382 1496 481 1568 Foeda
501 1512 653 1568 catenato
671 1497 778 1567 luerat
793 1499 964 1567 'connubia
982 1497 1080 1568 lecto.

431 1618 588 1707 Quaerere
609 1616 809 1713 templorum
829 1643 940 1713 negem
960 1620 1015 1688 vix
1034 1632 1179 1713 ooeperat
1194 1618 1260 1689 alos

382 1738 575 1825 Maenali1u‚
595 1740 707 1807 tremit
721 1762 798 1807 ecce
814 1737 942 1827 solum,
963 1754 996 1808 et
1011 1742 1142 1834 mugire
1158 1740 1309 1809 rebactis

384 1860 546 1953 Corniger
564 1858 695 1927 Hebrus
711 1860 806 1953 aquis
821 1885 829 1927 :
843 1874 923 1929 tunc
938 1860 1029 1953 quod
1049 1885 1150 1956 pecus
1167 1859 1249 1929 utile
1263 1857 1357 1929 bellis

383 1977 512 2049 Vallem
527 1977 719 2067 infestabat,
740 1980 885 2075 trepidas
899 2006 1052 2076 spumare
1071 2006 1132 2076 per
1143 1980 1281 2068 herbas,

382 2102 484 2195 Signa
503 2098 729 2190 adventantia;
749 2099 933 2197 clausaeque
951 2101 1126 2173 adamante
1142 2103 1282 2198 perenni

382 2220 563 2294 Dissiluere
579 2221 668 2292 fores
685 2248 694 2290 :
711 2227 866 2317 Hyrcano
885 2225 919 2292 in
935 2226 1097 2320 sauguine
1111 2222 1253 2319 pulcher

381 2346 455 2436 lpse
474 2342 564 2411 subit
583 2368 700 2432 curru,
719 2344 859 2439 diraque
877 2342 1072 2441 adspergine
1089 2346 1173 2416 latos

382 2465 489 2534 Mutat
506 2489 604 2560 agros
619 2490 628 2533 t
643 2462 749 2560 spolia
766 2490 787 2534 a
804 2481 913 2562 tergo,
931 2466 1112 2562 flentesque
1127 2483 1277 2538 caterve.

381 2588 471 2655 Dant
489 2583 596 2674 silure,
616 2588 740 2680 nixque
752 2586 819 2656 alta
835 2586 968 2657 locum:
987 2591 1074 2685 regit
1090 2605 1161 2658 atra
1177 2586 1306 2685 jugales

381 2709 570 2803 Sanguinea
589 2707 725 2778 Bellona
742 2733 863 2799 manu,
880 2710 1046 2807 longaque
1063 2712 1180 2808 fatigat

382 2828 527 2925 Cuspide
544 2855 552 2897 :
569 2830 708 2925 diriguit
723 2833 797 2901 visu
814 2831 963 2926 Cyllenia
981 2833 1108 2928 proles,

381 2950 606 3044 submisitque
625 2975 724 3046 genas
744 2954 831 3047 :ipsi
850 2958 1035 3024 reverentia
1053 2957 1161 3050 patri,

381 3073 414 3140 Si
430 3095 535 3166 prope
552 3071 614 3159 sit,
632 3071 809 3168 dematque
826 3077 951 3165 minas,
970 3101 1032 3147 nee
1049 3076 1129 3148 talia
1145 3077 1291 3149 mandet.

430 3191 555 3280 «Quod
565 3193 655 3262 Iovis
670 3194 868 3290 imperium?
880 3222 1003 3292 magno
1016 3199 1098 3293 quid
1109 3200 1152 3269 ab
1163 3195 1406 3295 ethereportnsl

381 3314 524 3402 Occupat
535 3317 755 3405 Armipotens:
769 3324 961 3410 nequeenim
972 3321 1076 3408 buno,
1089 3345 1251 3406 germane,
1263 3323 1321 3389 sub
1332 3341 1407 3388 aren

381 3432 505 3525 Sponte
520 3431 632 3522 renis,
650 3431 840 3531 hiemesque
858 3462 967 3529 meas,
985 3441 1039 3510 cui
1057 3441 1189 3511 roscida
1203 3443 1300 3536 juxta

380 3550 539 3641 Maenala,
558 3566 591 3622 et
607 3555 711 3624 estivi
728 3556 923 3630 clementior
937 3585 1018 3631 aura
1035 3565 1155 3659 Lycaei.
1168 3593 1185 3628 n

428 3669 488 3742 Ille
505 3672 607 3744 refert
623 3675 775 3746 consulta
791 3682 895 3775 patris
910 3708 919 3750 ε
936 3708 998 3753 nee
1015 3682 1117 3781 longa
1133 3701 1300 3771 moratus,

381 3794 475 3862 Sicut
492 3794 693 3866 anhelabant
706 3799 824 3892 juncto
839 3802 962 3872 sudore
981 3804 1130 3876 volantes
1203 3856 1205 3860 ψ

261 3917 265 3932 ’
380 3915 474 3982 Mars
491 3914 631 4010 impellit
646 3943 767 4012 equos,
785 3922 972 4018 residesque
993 3928 1028 3996 in
1043 3928 1160 4022 proelia
1177 3931 1300 4001 Graios
1387 3929 1390 3932 ⁴

381 4033 457 4125 Ipse
476 4035 575 4104 etiam
593 4037 771 4135 indignans
789 4069 797 4112 :
814 4045 899 4114 vidit
914 4062 1010 4141 pater
1027 4047 1127 4139 altus,
1146 4066 1183 4120 et
1194 4052 1245 4121 ire
