2934 4950
318 486 360 542 ΙΝ
381 490 411 544 Ρ.
433 490 463 544 Ρ.
485 487 612 546 snm
633 489 728 546 sav.
751 491 821 546 ΠΒ.
843 493 894 546 lv.
1071 493 1127 564 275

123 609 295 682 Sordidaque
315 606 376 680 tofo
393 601 432 682 (v.
455 603 517 684 53).
535 604 669 666 Heinsius
685 606 878 683 probabiliter
898 627 905 664 s
929 608 1040 665 conus
1056 609 1128 667 Vide

84 704 189 759 tinus

122 799 296 871 Hispanus
308 791 348 872 (ι.
363 791 403 869 59
414 790 481 872 sq.)
501 815 514 844 ι
527 793 592 851 Hoc
605 804 662 866 est,
677 793 709 852 Si
721 803 755 852 tn
769 796 875 870 velles,
895 795 1075 870 DonitIme,
1088 799 1131 857 bn

85 908 179 949 nauus
192 889 277 946 facile
285 888 441 961 Isthmum,
454 905 576 962 parrum
587 888 647 962 juni
657 909 713 947 nec
724 889 821 966 magn
835 889 931 966 operis
944 892 1132 957 censendum.

85 984 284 1060 perfoderent,
302 1001 357 1040 nec
373 979 442 1056 ipsis
461 973 609 1040 obstareni
621 985 755 1056 Lecbee,
773 1003 837 1059 qna
848 968 951 1042 ceteris
964 982 1132 1062 (Demetrio

88 1081 156 1156 rogi,
173 1079 292 1150 Cassii,
304 1077 416 1140 Neroni
428 1079 485 1135 boc
506 1075 694 1158 tentantibus)
710 1080 948 1156 inexpugnabiles
970 1081 1064 1152 inere,
1083 1093 1133 1138 aut

87 1195 145 1248 quae
166 1173 326 1231 mimum
349 1172 499 1250 negotium
523 1173 657 1230 boetem.
672 1198 685 1226 ι
703 1175 816 1246 Geor„
837 1174 889 1250 qui
908 1175 994 1248 plura
1016 1193 1045 1250 p.
1074 1176 1129 1232 261

85 1286 144 1343 sqq.
157 1270 205 1324 De
226 1285 299 1324 voce
312 1266 443 1335 Lecheo,
457 1285 514 1341 pro
528 1286 589 1342 quo
603 1267 696 1324 Gmci
715 1277 834 1344 Λέχαιον,
848 1267 973 1324 Romani
992 1267 1128 1337 secuere,

86 1360 156 1432 sire,
175 1371 210 1416 ut
231 1360 339 1418 Statius
357 1359 441 1431 alibi,
455 1361 622 1428 meam,
636 1361 704 1417 vide
725 1361 841 1418 doctam
859 1371 922 1418 not.
940 1361 1059 1432 Manlii,
1080 1359 1133 1418 ubi

87 1465 174 1510 tanen
188 1463 322 1528 tempora
335 1463 363 1510 et
376 1471 498 1528 poeseos
512 1471 618 1528 genera
627 1473 687 1510 nou
699 1453 766 1512 setis
781 1454 940 1530 distinguit.
955 1455 1089 1511 Ceterum
1101 1454 1133 1511 in

87 1565 168 1624 marg.
191 1547 258 1604 cod.
277 1547 365 1604 Paris.
384 1567 393 1603 ε
414 1548 473 1604 nin
486 1548 576 1604 descire
590 1559 734 1616 mrem,
758 1558 791 1604 ut
803 1547 888 1604 οῐίιιιι
907 1547 974 1605 edd.
995 1547 1106 1634 aliquot
1123 1570 1132 1620 ;

87 1641 214 1716 inteiligit
239 1641 337 1696 devr'ers
362 1659 429 1696 aues
446 1637 510 1718 (ep.
531 1639 651 1711 Ovis),
670 1637 703 1697 id
720 1651 762 1697 est
780 1643 854 1698 mela
875 1641 972 1698 omina
993 1642 1132 1712 senentes,

90 1733 120 1788 G.
133 1732 244 1789 Bachet
256 1734 293 1789 de
305 1734 449 1789 Mezen'ac
456 1774 465 1802 ,
482 1731 634 1790 Commmt
654 1752 704 1789 sur
717 1736 759 1790 les
772 1722 903 1810 Epseoes
916 1735 1050 1802 d’Ovriie,
1065 1743 1086 1789 t.
1101 1752 1132 1804 ι,

89 1843 115 1898 p.
130 1825 183 1883 185
197 1845 240 1901 sq.

123 1915 353 1996 Hujmjanua(v.
362 1937 399 1993 97
414 1915 480 1995 sq.).
489 1918 651 1993 incipiebat
663 1920 710 1977 via
724 1919 891 1978 Domitiana
906 1921 942 1977 ab
952 1939 1021 1977 arcu
1034 1919 1134 1976 triuni-

89 2011 159 2083 pbali
176 2011 351 2082 Domitiani;
364 2031 392 2068 r.
412 2013 532 2068 Manus.

123 2101 256 2184 Ῑπιὸιί(ι.
275 2104 352 2182 roo).
367 2107 390 2161 1.
403 2123 429 2161 e.
445 2123 537 2180 quum
548 2104 646 2179 pluit:
663 2105 715 2163 sed
722 2117 810 2180 poeta
824 2105 939 2182 dignius
954 2125 961 2161 ι
977 2107 1134 2176 «Quantus

90 2198 180 2255 nubila
191 2217 256 2274 qno
269 2208 392 2256 coronat
410 2199 486 2265 iris,
502 2222 514 2248 ι
527 2209 562 2255 ut
574 2197 704 2272 reposuit
713 2200 858 2273 probante
871 2199 973 2256 Markl.
991 2197 1133 2256 Heinsius.

92 2293 156 2350 Cot
170 2291 264 2349 Rbed.
280 2293 338 2348 Iris
350 2292 438 2348 hebet
452 2291 482 2348 in
495 2290 591 2348 litura.

126 2389 159 2444 V.
176 2405 240 2444 ιιι.
255 2388 341 2443 Hune
362 2403 477 2442 versum
493 2384 525 2441 in
538 2385 619 2442 tiss.
639 2395 668 2442 et
689 2385 756 2443 edd.
773 2385 908 2441 omnibus
924 2393 1087 2460 sequuntur
1102 2382 1135 2439 bi

223 2584 275 2651 Qui
287 2584 367 2653 primo
378 2583 487 2635 'libesirn
500 2584 598 2651 reliquit
612 2594 679 2645 ortu,

224 2671 307 2721 hino
319 2686 418 2737 vespere
428 2671 525 2737 navigat
535 2669 677 2729 Irrerinsuu,

96 2820 151 2877 qua
163 2823 227 2861 sene
242 2804 425 2879 superiorum
437 2803 497 2859 vim
504 2803 668 2881 restingunt
678 2819 777 2877 neque
790 2820 856 2859 cnm
869 2819 923 2857 uss
940 2800 994 2871 36,
1010 2800 1046 2870 37
1061 2798 1135 2855 bene

96 2904 160 2952 stare
171 2907 292 2972 possunt
306 2917 314 2951 e
329 2915 419 2972 quare
433 2895 535 2953 Muti.
551 2915 600 2953 eos
617 2895 710 2967 ejecit

131 2990 250 3046 &andes
263 2990 396 3065 belliger,
418 2988 565 3064 obviosque
578 3008 676 3044 currus
689 2986 728 3064 (ι.
747 2985 823 3065 157).
838 2984 930 3058 Quod
942 2982 1063 3058 intelligi
1075 3000 1136 3039 non

98 3093 190 3153 potest.
205 3083 253 3139 Ed
266 3084 384 3151 Venet,
396 3079 462 3138 cod.
482 3080 622 3157 Rbedig.,
636 3092 665 3137 et
677 3080 765 3139 Petis
779 3081 811 3137 in
827 3097 916 3155 marg.
932 3093 1117 3151 :annuosque
1125 3094 1136 3141 ,·

100 3175 167 3233 unde
182 3174 348 3233 Gronovius
362 3174 471 3249 optime
484 3174 552 3230 feeit
566 3195 574 3231 ι
588 3174 758 3252 abnuesque.
773 3199 786 3226 ι
797 3174 872 3231 Nuus
890 3183 920 3252 ep
935 3173 1006 3246 boc,
1024 3167 1134 3243 inquil,

99 3265 238 3326 iulendem
246 3269 379 3325 trahebat
386 3266 583 3339 Domitianus,
591 3268 747 3341 fastidisse,
761 3262 955 3343 quumpossel
960 3262 1026 3337 jure
1039 3261 1137 3318 trium·

99 3360 184 3433 phare.
199 3362 286 3421 Unde
305 3360 459 3434 Martialis,
473 3379 519 3432 rx,
541 3379 610 3434 soa,
623 3379 651 3417 v.
669 3380 706 3438 ¹9
724 3380 769 3437 sq.
789 3380 797 3416 ε

194 3522 263 3586 sepe
275 3525 397 3567 recusatos
406 3532 492 3583 percus
503 3514 599 3567 (lexim
609 3515 747 3584 triumphos

226 3600 783 3669 Victorbyperboreononeborbetulit.»

955 3684 1073 3738 Mense.

137 3778 222 3835 Cau.
236 3780 288 3835 IV.
308 3801 322 3828 ι
334 3778 388 3835 Hic
402 3788 444 3835 est
462 3778 510 3835 ille
524 3776 672 3835 Victorius
684 3778 854 3859 Marcellus,
874 3775 921 3832 cui
939 3772 1138 3831 iustitutiones

106 3886 159 3928 suas
174 3871 313 3929 oratorias
331 3871 476 3947 inscripsit
495 3871 706 3944 Quintilianus,
724 3881 759 3928 ut
777 3870 853 3927 bene
868 3868 1001 3925 observat
1021 3868 1138 3923 Grou.»

107 3962 209 4022 Μιιιι.
224 3966 307 4023 Idem
320 3966 451 4021 Latinum
468 3965 544 4023 rim
564 3963 746 4022 sternendam
759 3972 930 4037 susceperat.
945 3961 1021 4019 Vide
1033 3980 1074 4017 vs.
1091 3959 1139 4016 60.

108 4053 278 4131 finitimus,
300 4078 365 4135 quse
379 4058 447 4115 buic
468 4058 594 4134 epistole
607 4058 706 4116 insunt
726 4057 869 4134 plurime,
886 4054 1059 4113 imitationes
1078 4068 1138 4108 non

111 4160 172 4218 ψει
183 4149 342 4227 siugulatim
354 4152 498 4227 persequi.

914 4251 965 4320 ¹8.
