2934 4950
67 493 137 546 (aaa)
404 483 597 540 stLvnltUnt
616 485 726 540 LIBER
747 484 769 538 l.

67 609 253 705 Colloquia‚
272 624 306 679 et
322 610 411 678 docti
428 624 554 678 norunt
569 610 689 679 audire
700 615 849 680 Penates.

105 734 206 800 Forte
226 732 372 799 serenati
390 755 457 824 qua
475 744 539 799 stat
555 728 654 826 plaga
670 730 774 827 lactea
789 730 877 820 noeli,

67 850 152 920 Alma
165 855 289 921 Venus
306 849 474 940 thalamo,
491 849 586 945 pulsa
601 849 702 921 modo
719 868 833 942 nocte,
846 851 990 947 jacebat,
1016 891 1084 914 κ

65 969 226 1065 Amplexu
243 971 333 1068 duro
347 945 460 1039 Getici
480 969 624 1052 resoluta
644 973 766 1041 mariti.

64 1091 189 1186 fulcra,
208 1107 371 1186 torosque
388 1090 461 1170 deae,
479 1105 630 1162 tenerum
649 1095 772 1188 premit
787 1118 906 1189 agmen
920 1097 1083 1164 Amorum
1101 1119 1110 1162 ε

1 1204 2 1294 J
64 1214 156 1307 Signa
174 1225 323 1306 petunt,
340 1237 422 1307 quas
438 1212 524 1283 ferre
541 1215 643 1302 faces,
655 1215 738 1308 'quae
753 1229 889 1309 pectora
904 1213 961 1308 figi
975 1305 978 1309 ,

1 1299 2 1378 l
63 1311 220 1426 Imperet,
239 1357 286 1400 an
306 1335 404 1402 terris
421 1335 549 1421 saevirc,
567 1359 610 1402 an
627 1333 720 1403 malit
739 1337 774 1403 in
792 1334 905 1422 undis,

65 1456 110 1522 :ln
125 1455 275 1522 miseere
292 1452 386 1542 deos,
402 1479 446 1522 an
463 1429 571 1523 adbuc
586 1479 706 1524 vexare
723 1457 921 1525 Tonantem.

1 1589 2 1602 ¹
64 1575 122 1667 Ipsi
137 1577 280 1642 animus
296 1573 465 1661 nondum3
482 1599 543 1643 nec
558 1575 651 1644 cordi
667 1574 732 1642 fixa
747 1574 901 1645 voluntas
919 1603 927 1644 ε

64 1697 140 1791 ll?
153 1695 248 1786 jacet
266 1669 471 1782 stratis,'ubi
489 1695 658 1788 quondam
674 1697 806 1765 conscia
822 1668 928 1790 culpae

1 1887 2 1892 γ
64 1816 199 1882 Lemnia
217 1829 399 1926 repseruqt
414 1814 577 1918 deprenso
597 1814 731 1884 vincula
748 1816 849 1903 furto.
908 1809 913 1828 ⁸

65 1935 119 2002 llic
136 1959 224 2028 puer
244 1959 265 2002 e
283 1935 382 2003 turba
398 1933 588 2023 volucrum,
604 1937 658 2005 cui
675 1934 839 2029 plurimus
855 1938 941 2030 ignis

67 2055 146 2142 Ore,
166 2078 342 2148 manuque
359 2053 430 2130 levi,
443 2080 616 2150 nunquam
631 2056 789 2124 frustrata
807 2057 945 2151 sagitta,

66 2177 202 2268 Agmine
218 2174 263 2244 de
279 2175 411 2262 medio,
428 2190 542 2247 tenera
559 2178 606 2245 sic
623 2175 720 2246 dulce
735 2178 884 2270 profatus

66 2295 150 2364 Voce
167 2296 380 2392 (pharetrati
397 2321 545 2391 pressere
561 2295 693 2366 silentia
709 2296 868 2403 fratres):

109 2417 207 2487 «Scis
224 2429 279 2505 ut,
298 2432 415 2507 mater,
432 2419 493 2506 ait,
510 2394 603 2487 nulla
620 2417 703 2487 mihi
720 2417 854 2488 dextera
872 2419 980 2514 segnis

68 2534 208 2607 Militia:
228 2562 461 2632 quemcunque
477 2539 652 2608 homiuum
671 2538 851 2632 divumque
869 2538 1003 2635 dedisti,

68 2658 187 2747 Uritur
200 2683 208 2725 ε
231 2672 267 2726 at
285 2658 420 2747 tandem
437 2657 600 2754 lacrymis,
617 2674 650 2729 et
669 2658 819 2754 supplice
835 2657 948 2727 dextra

1 2774 2 2833 ἶ
68 2779 104 2846 Et
118 2778 207 2846 rotis
225 2777 445 2873 precibusque
462 2780 527 2848 viri
542 2778 688 2850 concede
708 2780 854 2865 moveri,
949 2767 953 2778 ⁴

1 2890 2 2981 ᾗ
69 2899 95 2965 0
110 2875 276 2992 qenitrixl
295 2896 380 2969 duro
399 2924 460 2969 nec
477 2900 567 2971 enim
585 2926 624 2970 ex
642 2899 818 2968 adamante
833 2900 952 3007 creati,

69 3016 127 3085 Sed
144 3032 202 3086 tua
219 3016 319 3086 turha
333 2993 456 3087 suiuus.
477 3018 596 3091 Clarus
617 3019 658 3088 de
679 3034 778 3113 gente
795 3020 916 3088 Latina

1 3130 2 3141 ¹
69 3136 121 3205 Est
133 3138 283 3231 juvenis,
300 3162 399 3231 quem
414 3139 561 3232 patriciis
577 3140 758 3233 majoribus
778 3153 890 3208 ortum

1 3328 2 3357 ἒ
70 3254 231 3325 Nobilitas
247 3258 359 3352 gavisa
376 3256 467 3346 tulit,
482 3282 694 3353 praesagaque
710 3258 824 3328 formae

70 3358 257 3445 Protinus'e
273 3391 389 3447 nostro
405 3381 516 3473 posuit
531 3380 733 3473 cognomina
750 3377 844 3448 coelo.

1 3482 2 3511 ³
71 3496 165 3565 Hunc
182 3510 313 3592 egomet
330 3511 399 3567 tota
416 3498 585 3592 quondam
602 3498 681 3594 (tihi
697 3497 793 3568 dulce
799 3496 827 3595 l)
843 3500 1001 3594 pharetra

71 3616 261 3710 Improbus,
278 3631 311 3687 et
327 3616 430 3687 densa
447 3616 668 3712 trepidantem
688 3618 824 3713 cuspide
839 3619 906 3689 fixi.

72 3736 226 3823 Quamvis
243 3738 403 3807 Ausoniis
419 3736 563 3808 multum
579 3763 682 3833 gener
697 3736 755 3807 ille
771 3741 893 3833 petitus

74 3855 241 3947 lintribus,
259 3858 396 3929 edomui
411 3860 553 3949 victum,
571 3859 781 3953 dominaeque
797 3862 943 3954 potentis

75 3974 164 4045 Ferre
177 3980 313 4078 jugum,
330 3995 366 4050 et
382 3978 500 4077 longos
512 3978 595 4075 jussi
612 4006 746 4076 sperare
762 4006 824 4077 per
838 4006 954 4051 annos.

78 4100 129 4165 Ast
146 4096 232 4169 illam
249 4126 383 4191 summa
399 4099 526 4190 leviter,
544 4103 591 4173 sic
609 4126 753 4195 namque
770 4101 925 4195 jubebas,
