2934 4950
386 408 420 473 ,ll
692 401 903 459 mammos
922 404 1032 460 mnu
1052 404 1118 459 vlt.
1310 397 1403 459 (unt.)

384 526 576 613 Quinetiam
593 528 716 595 invisos
735 527 797 622 (sic
816 527 921 596 hostis
938 527 1087 622 deliniti)
1104 530 1210 623 Argos

384 642 498 713 Elicis!
519 650 550 715 0
568 648 664 741 ipsis,
684 649 825 741 genitor,
845 650 998 743 graviora
1019 646 1151 744 periclis

384 764 497 835 Jussa!
518 767 705 838 novercales
719 772 846 838 ruimus
864 768 970 839 ditare
987 774 1155 866 Mycenas.

386 887 476 957 Cedo
494 890 670 983 equidem:
689 916 756 985 quo
773 917 866 961 sacra
885 908 1014 979 tamen,
1032 893 1184 985 ritusque
1197 905 1349 986 percauta

386 1010 524 1079 Gentis?
543 1025 575 1079 et
593 1012 626 1079 in
645 1008 808 1099 tumulos,
826 1014 854 1082 si
871 1011 953 1107 quid
970 1011 1058 1082 male
1075 1012 1154 1081 soeta
1168 1011 1305 1105 reliquit

332 1216 335 1223 Ι
384 1130 509 1217 Mater,
528 1132 619 1199 abire
635 1132 754 1224 jubes?
770 1133 938 1221 Thracen,
959 1132 1122 1227 silvasque
1136 1133 1303 1228 Lycurgi?

384 1254 481 1319 Anne
498 1253 720 1347 triumphatos
738 1254 862 1350 fugiam
881 1256 1030 1347 captivus
1049 1253 1091 1322 ad
1109 1254 1232 1323 Indos?

384 1375 435 1440 Da
454 1372 563 1441 sedem
579 1372 722 1468 profugo
740 1400 748 1442 ε
767 1375 877 1468 potuit
893 1377 1035 1443 Latonia
1054 1375 1156 1443 frater

384 1496 490 1581 Saxa,
510 1518 569 1562 nec
586 1494 738 1581 invideo,
753 1494 896 1590 defigere
909 1494 1032 1583 Delon,
1052 1510 1087 1564 et
1104 1497 1178 1564 imis

384 1612 623 1682 Commendare
643 1613 736 1684 fretis
752 1642 761 1683 :
778 1640 854 1684 cara
871 1617 1040 1685 submovit
1056 1616 1097 1685 ab
1117 1640 1193 1685 arce

385 1732 529 1803 Hostiles
544 1736 692 1805 Tritonis
712 1762 815 1829 aquas
832 1764 840 1806 :
856 1736 1014 1831 vidiipse
1032 1750 1201 1831 potentem

384 1856 548 1925 Gentibus
566 1859 646 1927 Eois
664 1857 843 1952 Epaphum
859 1856 939 1927 dare
953 1860 1049 1953 jura3
1067 1877 1128 1925 neo
1144 1854 1235 1926 ullas

384 1976 517 2070 Cyllene
534 1995 657 2048 secreta
673 1980 770 2047 tubas
786 1981 942 2049 Minoave
957 1994 1054 2049 curat
1094 1996 1100 2004 '

385 2096 443 2165 lda
462 2123 469 2164 ε
489 2099 569 2192 quid
587 2097 652 2168 heu
672 2115 804 2169 tantum
824 2102 947 2170 nostris
965 2100 1144 2170 offenderis
1160 2099 1249 2169 aris?

385 2219 447 2286 Hic
466 2218 546 2308 tibi,
566 2221 701 2315 quando
717 2222 828 2289 minor
841 2225 911 2315 jam
925 2236 1039 2291 nostra
1056 2222 1220 2315 potentia,
1237 2234 1346 2289 noctes

385 2338 567 2429 Herculeae,
587 2340 795 2436 placitusque
810 2321 901 2438 vagae
917 2342 1096 2436 Nycteidos
1116 2340 1233 2429 ardor,

385 2462 447 2529 Hic
464 2463 601 2556 Tyrium
619 2488 739 2558 genus,
760 2480 795 2532 et
811 2479 926 2533 nostro
944 2462 1072 2534 felicior
1089 2464 1167 2559 igne

384 2584 512 2650 Taurus
528 2609 536 2651 :
553 2587 743 2678 Agenoreos
761 2583 876 2653 saltem
892 2598 1002 2654 tutare
1020 2598 1167 2678 nepotes.
1181 2611 1199 2646 r

432 2703 594 2788 Invidiam
611 2705 683 2772 risit
698 2719 804 2799 pater,
823 2706 937 2798 etjam
955 2703 1080 2799 poplite
1095 2703 1236 2793 flexum,

384 2827 654 2917 sternentemque
670 2849 787 2893 ananus
808 2822 1005 2919 tranquillus
1022 2825 1063 2894 ad
1086 2823 1200 2894 oscula
1216 2822 1320 2906 tollit,

383 2949 489 3039 Inque
505 2947 612 3014 vicem
632 2943 761 3040 placida
780 2971 855 3016 orsa
874 2946 998 3015 refert:
1016 2947 1120 3015 «Non
1138 2945 1291 3039 conjugis
1310 2943 1366 3010 ista

383 3065 553 3154 Consiliis,
576 3081 612 3136 ut
630 3091 722 3152 rere,
741 3091 840 3160 puer3
857 3092 918 3138 nec
935 3093 1020 3137 saeva
1036 3069 1169 3161 roganti

288 3207 291 3213 '
383 3188 437 3256 Sic
452 3201 605 3281 expostus
622 3212 683 3282 ego
702 3188 710 3256 ὲ
730 3189 868 3258 immoto
886 3188 1084 3259 deducimur
1103 3187 1184 3257 orbe

382 3311 558 3394 Fatorum;
576 3321 721 3392 veteres,
743 3333 891 3402 seraeque
910 3310 944 3377 in
964 3307 1079 3402 proelia
1101 3331 1216 3377 causae.

382 3431 469 3498 Nam
488 3421 650 3497 cuitanla
665 3430 758 3520 quies
772 3431 896 3525 irarum
903 3428 921 3506 3
939 3444 997 3498 aut
1017 3430 1187 3523 sanguinis
1204 3452 1284 3497 usus

381 3550 518 3619 Parcior
534 3547 694 3619 humani?
712 3548 805 3618 videt
821 3550 907 3638 axis,
925 3564 959 3618 et
974 3551 1037 3619 ista
1057 3574 1118 3643 per
1134 3573 1242 3617 aevum

382 3673 514 3739 Mecum
533 3683 653 3738 aeterna
670 3669 807 3756 domus,
822 3671 949 3763 quoties
958 3670 1032 3763 jam
1050 3683 1139 3738 torta
1157 3692 1315 3762 reponam

381 3788 549 3874 Fulmina,
571 3815 670 3883 quam
691 3814 786 3858 rarus
805 3793 901 3861 terris
920 3790 976 3859 hic
992 3791 1131 3884 imperet
1147 3790 1245 3883 ignis.

383 3909 575 3998 Quinetiam
592 3911 716 3978 invitus
730 3935 851 4004 magna
867 3908 1122 4002 uleiscendaque
1137 3911 1242 4003 passis

291 4093 293 4097 ,
381 4033 450 4100 Aut
465 4020 624 4125 Lapithas
641 4031 761 4109 Marti,
782 4045 840 4098 aut
859 4045 1003 4099 veterem
1023 4027 1193 4123 Calydona
1209 4030 1322 4098 Dianae
