2934 4950
678 418 707 472 e.
730 418 850 474 suasu
872 417 992 472 srsru
1286 425 1371 484 μ..)

389 1170 540 1238 VILLA
563 1171 869 1241 SURRENTINA
892 1168 1062 1244 POLLII,
1084 1165 1284 1236 FELICIS.

759 1543 907 1559 ...n-—

366 1858 432 1924 Esa
451 1856 538 1923 inter
557 1868 653 1926 notos
674 1857 828 1923 Sirenum
849 1855 984 1922 nomine
1003 1877 1136 1938 muros,

319 1977 468 2067 Saxaque
486 1975 664 2066 Tyrrhenae
682 1973 814 2067 templis
833 1988 971 2043 onerata
988 1975 1164 2058 Minervae,

319 2091 415 2161 Celsa
431 2093 605 2162 Dicarchei
625 2092 823 2189 speculatrix
842 2091 922 2161 villa
942 2092 1115 2187 profundi,

319 2214 395 2301 Qua
412 2213 546 2283 Bromio
565 2211 705 2284 dilectus
723 2237 817 2308 ager,
836 2211 1000 2306 collesque
1019 2237 1081 2307 per
1097 2208 1182 2280 altos

319 2333 450 2419 Uritur,
470 2345 501 2400 et
521 2330 629 2426 praelis
644 2357 712 2400 non
731 2333 858 2401 invidet
874 2356 939 2400 uva
957 2331 1115 2401 Falernis.

368 2455 443 2521 Huc
459 2478 511 2521 me
529 2466 603 2546 post
621 2454 720 2548 patrii
740 2451 851 2523 laetum
870 2453 1099 2548 quinquennia
1119 2448 1228 2535 lustri,

319 2574 434 2661 Quum
454 2572 560 2641 stadio
576 2574 646 2667 jam
665 2574 760 2669 pigra
779 2577 886 2669 quies,
901 2597 1068 2666 canusque
1088 2571 1217 2641 sederet

318 2690 452 2779 Pulvis,
472 2691 514 2761 ad
534 2694 726 2763 Ambracias
745 2718 904 2763 conversa
924 2692 1088 2789 gymnade
1107 2691 1262 2778 frondes,

318 2814 424 2880 Trans
439 2810 561 2907 gentile
577 2812 698 2882 fretum
716 2812 837 2908 placidi
858 2811 1013 2882 facundia
1030 2809 1115 2880 Polli
1227 2872 1232 2882 .

318 2930 465 3019 Detulit,
486 2946 520 3001 et
535 2933 648 3003 nitidae
664 2932 821 3028 juvenilis
841 2935 947 3027 gratia
966 2930 1083 3018 Pollae,

318 3050 466 3122 Flectere
483 3053 553 3145 jam
571 3052 730 3147 cupidum
750 3076 896 3147 gressus,
916 3076 982 3146 qua
1003 3050 1108 3121 limite
1127 3064 1207 3121 noto

319 3173 431 3266 Appia
451 3170 627 3267 longarum
646 3173 765 3241 teritur
783 3173 900 3267 regina
919 3174 1060 3241 viarum.

319 3290 384 3361 Sed
400 3294 517 3387 juvere
531 3317 642 3362 morae.
663 3289 799 3362 Placido
818 3290 933 3362 lunata
951 3318 1080 3363 recessu
1128 3382 1133 3391 ¹

263 3486 266 3492 Δ
319 3414 407 3482 Hinc
426 3426 525 3507 atque
544 3412 623 3482 hinc
642 3424 759 3483 curtas
779 3428 1001 3510 perrumpunt
1020 3438 1154 3509 aequora
1172 3438 1271 3507 rupes
1291 3440 1300 3481 :

319 3535 386 3602 Dat
405 3535 534 3604 Natura
555 3532 681 3619 locum;
698 3536 870 3629 montique
886 3536 1066 3606 intervenit
1086 3534 1190 3605 udum

318 3652 429 3742 Litus,
450 3666 482 3721 et
503 3655 538 3721 in
555 3668 673 3743 terras,
690 3652 834 3749 scopulis
851 3653 1088 3749 pendentibus,
1107 3658 1182 3726 exit.

367 3775 486 3843 Gratia
501 3776 609 3868 prima
627 3773 707 3863 loci,
723 3776 855 3870 gemina
876 3776 1042 3846 testudine
1057 3776 1186 3845 fumant

319 3893 463 3983 Balnea,
485 3909 517 3964 et
536 3920 554 3963 e
573 3897 669 3965 terris
688 3897 835 3966 occurrit
852 3893 958 3965 dulcis
977 3920 1090 3965 amaro

319 4014 476 4110 Nympha
494 4017 581 4086 mari
599 4041 608 4085 ε
628 4014 710 4086 levis
728 4016 784 4087 hic
801 4017 923 4086 Phorci
943 4016 1082 4103 chorus,
1103 4016 1234 4110 udaque
1253 4016 1365 4086 crines
