2934 4950
369 416 403 461 io
673 395 885 453 unanimos
906 395 1020 452 amna
1040 396 1088 449 lv.
1288 395 1388 458 (ensa)

366 525 544 618 Sanguinis
562 523 714 610 humani,
734 522 844 619 pudor
859 537 909 593 est
924 524 1052 592 nescire
1063 497 1216 617 sagittas.

414 647 534 739 lgnm
554 659 632 714 aute
647 669 763 714 omnes
778 669 861 715 auro
879 647 995 731 micat,
1018 647 1134 739 ignens
1152 658 1265 728 ostro,

369 764 623 858 Undantemque
641 768 751 833 sinum
769 765 863 834 nodis
879 767 1008 861 irrugat
1024 767 1144 853 Iberis,

367 883 498 954 Imhelli
516 909 631 978 parma
649 887 758 977 pietus
777 885 960 980 Calydonia
975 888 1090 954 matris

367 1003 509 1076 Proelia:
528 1019 605 1074 trux
622 1007 701 1074 laeva
718 1021 814 1076 sonat
830 1031 944 1092 arcus,
960 1022 994 1075 et
1010 1031 1126 1101 aspera
1140 1004 1262 1100 plumis

368 1129 493 1220 Terga,
513 1127 678 1218 Cydonea
694 1141 826 1222 corytos
843 1126 1008 1196 arundine
1024 1125 1152 1221 pulsat,

370 1245 501 1316 Electro
517 1245 658 1340 pallens,
677 1263 711 1316 et
726 1247 854 1343 iaspide
872 1248 979 1318 clarus
996 1253 1077 1322 an.

371 1367 591 1460 Cornipedem
608 1368 757 1462 trepidos
774 1384 904 1440 suetum
922 1386 1119 1465 praevertere
1137 1392 1254 1438 cervos

372 1487 527 1558 Velatum
548 1491 686 1584 gemina
702 1490 831 1584 dejectu
848 1490 970 1584 lyncis,
988 1507 1022 1561 et
1036 1515 1129 1560 arma

373 1611 552 1679 Mirantem
570 1613 730 1705 gravioris
746 1611 818 1682 heri
834 1612 983 1682 sublimis
1002 1615 1134 1708 agebat,

373 1730 480 1802 Dulce
497 1733 639 1816 rubens,
660 1733 822 1826 viridique
837 1759 936 1830 genas
951 1733 1139 1830 spectabilis
1157 1756 1238 1802 avo.

421 1853 562 1922 Arcades
580 1855 658 1924 huic
677 1869 818 1938 vetares,
839 1857 934 1923 astris
955 1857 1117 1949 Lunaque
1136 1855 1278 1947 priores,

376 1975 515 2068 Agmina
532 1972 596 2044 fida
613 1974 722 2044 datis:
740 2000 913 2044 nemorum
933 2000 1017 2068 quos
1034 1977 1138 2068 stirpe
1156 1975 1276 2067 rigenti

375 2099 476 2164 Fama
493 2109 600 2183 satos,
616 2121 720 2188 quum
737 2097 844 2190 prima
861 2097 983 2192 pedum
1006 2097 1140 2190 vestigia
1162 2093 1258 2164 tellus

376 2215 546 2285 Admirata
564 2214 665 2285 tulit:
687 2215 837 2287 nondum
854 2243 948 2305 arva,
968 2217 1167 2310 domusque,
1186 2241 1247 2284 nec
1267 2216 1373 2297 urbes,

256 2382 261 2387 -
376 2337 626 2431 Conuuhiisque
643 2337 762 2408 modus
779 2365 786 2406 ε
806 2362 964 2432 quercus,
982 2337 1132 2432 laurique
1148 2337 1300 2406 serebant

377 2459 491 2530 Cruda
511 2463 702 2555 puerperia,
720 2487 759 2531 ac
778 2459 920 2555 populos
938 2461 1092 2531 umbrosa
1108 2460 1234 2529 creavit

378 2584 557 2669 Fraxinus,
574 2599 609 2651 et
626 2583 705 2653 foeta
719 2582 834 2652 viridis
854 2608 937 2677 puer
953 2583 1076 2652 excidit
1093 2607 1187 2650 orno.

379 2706 422 2772 lii
442 2705 523 2772 lucis
539 2705 704 2799 stupuisse
721 2705 826 2791 vices,
840 2706 1016 2798 noctisque
1035 2704 1190 2772 femntur
1284 2726 1288 2732 ’

380 2823 521 2909 Nubila,
540 2840 571 2892 et
590 2824 767 2895 occiduum
785 2825 881 2920 longe
895 2827 1015 2895 Titana
1032 2826 1137 2894 secuti

379 2950 580 3039 Desperasse
593 2945 690 3015 diem.
713 2951 898 3017 Rarescunt
916 2947 981 3017 alta
1001 2946 1128 3017 colonis

379 3066 520 3137 Maenala
538 3096 546 3138 ε
565 3068 780 3140 Parthenium
799 3068 926 3162 fugitur
940 3094 1058 3138 nemus
1072 3095 1081 3137 τ
1094 3070 1237 3163 agmina·
1248 3066 1335 3137 hello

379 3190 570 3284 Rhipeque,
587 3206 621 3261 et
640 3193 777 3278 Stratie,
798 3208 1001 3285 ventosaque
1017 3192 1119 3261 donat
1136 3192 1270 3286 Enispe.

380 3312 457 3380 Non
471 3314 595 3405 Tegea,
616 3338 684 3381 non
702 3316 773 3405 ipsa
788 3316 861 3383 Deo
877 3330 970 3383 vacat
986 3312 1064 3382 alite
1082 3312 1157 3382 selix

304 3430 317 3447 ’
379 3412 538 3527 Cyllene,
556 3433 784 3529 templumque
801 3433 890 3505 Aleae
908 3437 1078 3505 nemorale
1095 3438 1277 3524 Minerva,

380 3557 424 3623 Et
441 3552 578 3649 rapidus
598 3553 728 3643 Cliton,
741 3552 782 3626 et
800 3558 857 3649 qui
876 3558 950 3643 tibi,
968 3560 1102 3651 Pythie,
1120 3557 1235 3626 Ladon

380 3680 478 3746 Paene
497 3702 603 3766 socer,
623 3679 835 3773 candensque
849 3681 939 3774 jugis
961 3682 1101 3774 Lampia
1121 3682 1263 3767 nivosis,

381 3802 426 3869 Et
444 3798 593 3869 Pheneos
610 3801 707 3896 nigro
725 3805 828 3898 Styga
846 3805 979 3874 mittere
996 3801 1123 3872 credita
1138 3804 1222 3872 Diri,

382 3922 485 3991 Venit
500 3936 533 3989 et
550 3923 644 3993 ldaeis
661 3922 843 3995 ululatibus
860 3924 998 3995 aemulus
1017 3930 1123 4013 Azan,

382 4043 615 4140 Parrhasiique
631 4045 751 4132 duces,
772 4062 804 4115 et
822 4073 896 4141 quae
918 4048 1053 4137 risistis,
1071 4053 1228 4137 Amores,
