2934 4950
393 405 429 463 ba
754 411 783 464 P.
804 407 926 466 PUBLII
946 407 1067 466 stam

391 530 499 620 Sedis,
515 546 548 601 et
565 530 663 601 illaesa
677 535 812 601 tutabor
828 547 1002 627 utramque
1018 546 1157 601 senecta.

389 653 434 720 Et
453 651 563 741 toris,
580 666 613 721 et
631 653 747 721 Phoebi
763 652 916 739 frondes,
936 666 969 720 et
986 650 1129 720 discolor
1145 653 1268 720 umbra

388 771 552 867 Populus,
574 786 607 864 et
622 786 742 843 nostrae
758 784 915 867 stupeant
930 786 988 840 tua
1003 773 1153 868 germina
1169 774 1284 867 pinus.
1304 802 1324 836 »

436 893 491 960 Sic
506 893 563 960 ait.
583 891 645 962 Illa
663 893 728 962 Dei
744 907 871 962 veteres
889 893 1017 961 imitata
1034 889 1182 980 calores,

387 1011 555 1080 Uberibus
571 1013 696 1105 stagnis
713 1010 850 1108 obliquo
867 1011 1013 1106 pendula
1030 1026 1150 1080 trunco

386 1131 543 1219 Incubet,
558 1145 657 1226 atque
673 1133 800 1201 umbris
820 1145 987 1202 scrutatur
1003 1133 1191 1200 amantibus
1207 1131 1333 1200 undas.

385 1252 504 1346 Sperat
520 1267 552 1322 et
567 1250 757 1346 amplexus3
772 1251 830 1320 sed
844 1276 1007 1347 aquarum
1023 1252 1159 1346 spiritus
1174 1266 1289 1333 arcet,

385 1373 457 1442 Nec
474 1373 600 1466 patitur
614 1385 731 1441 tactus.
746 1372 896 1441 Tandem
915 1369 1058 1441 eluctata
1075 1372 1137 1440 sub
1156 1395 1256 1440 auras

383 1491 543 1561 Libratur
563 1491 681 1580 fundo,
698 1517 879 1585 rursusque
895 1492 1000 1562 enode
1016 1515 1174 1562 cacumen

382 1611 558 1706 Ingeniosa
575 1610 676 1698 levat,
693 1610 796 1680 veluti
811 1611 988 1680 descendat
1000 1612 1035 1678 in
1052 1611 1136 1680 imos

383 1733 493 1825 Stirpe
510 1731 601 1802 lacus
614 1730 688 1800 alia.
705 1736 779 1802 Jam
793 1757 854 1801 nec
869 1732 1025 1802 Phoebeia
1045 1734 1127 1801 NaIs

382 1850 480 1938 Odit,
501 1867 534 1922 et
554 1851 700 1922 exclusos
718 1855 838 1923 invitat
852 1855 983 1949 gurgite
997 1877 1117 1922 ramos.

429 1976 507 2041 Hac
521 1971 597 2061 tibi,
614 1997 716 2067 parva
731 1973 880 2067 quidem,
897 1971 1032 2069 genitali
1050 1971 1123 2042 lnce
1139 1998 1300 2067 paramus

303 2137 306 2142 -
380 2095 495 2181 Dona,
516 2093 573 2162 sed
590 2095 716 2189 ingenti
734 2094 845 2163 forsan
859 2083 986 2164 victura
1002 2095 1063 2163 sub
1083 2119 1176 2166 aevo:

379 2215 446 2300 Tu,
462 2216 555 2308 cujus
576 2214 705 2309 placido
722 2239 863 2308 posuere
882 2217 917 2282 in
938 2228 1073 2309 pectore
1092 2215 1203 2285 sedem

380 2332 527 2404 Blandus
543 2340 672 2420 Honos,
692 2334 873 2430 hilarisque
891 2335 1112 2432 (tamencum
1128 2336 1301 2431 pondere)
1312 2338 1424 2406 Virtus

379 2455 444 2523 Cui
465 2480 525 2524 nec
542 2457 637 2551 pigra
653 2456 762 2550 quies,
782 2482 844 2525 nec
859 2457 974 2551 iniqua
990 2458 1162 2550 potentia,
1178 2484 1240 2526 nec
1260 2484 1337 2552 spes

377 2576 550 2670 Improba;
572 2575 630 2644 sed
646 2576 775 2646 medius
792 2602 851 2671 per
866 2578 1020 2661 honesta,
1035 2591 1068 2646 et
1088 2575 1195 2646 dulcia
1213 2575 1312 2646 limes
1329 2605 1338 2645 τ

376 2700 575 2791 Incorrupte
590 2696 705 2785 fidem,
723 2696 898 2791 nullosque
917 2711 1052 2792 experte
1068 2696 1246 2786 tumultus,

376 2820 420 2886 Et
438 2830 562 2886 secrete
579 2815 690 2911 palam
710 2844 718 2885 ε
741 2819 799 2911 qui
819 2815 941 2911 digeris
962 2816 1079 2885 ordine
1098 2819 1218 2903 vitam3

375 2938 470 3007 Idem
485 2938 558 3005 auri
579 2936 682 3006 facilis
701 2950 926 3030 contemptor,
945 2950 978 3005 et
993 2939 1138 3031 optimus
1155 2937 1245 3007 idem

375 3060 517 3127 Comere
533 3057 680 3144 divitias,
700 3058 885 3150 opibusque
901 3058 1079 3125 immittere
1094 3056 1212 3126 lucem.

374 3181 445 3246 Hac
461 3176 599 3271 longum
614 3176 735 3245 florens
748 3176 853 3243 animi
871 3168 1070 3270 morumque
1082 3178 1239 3270 juventa,

373 3294 493 3366 Iliacos
512 3321 642 3391 aequare
658 3320 766 3383 senes,
786 3310 820 3364 et
839 3296 972 3365 vincere
988 3311 1098 3391 persta

374 3419 469 3508 Quos
489 3430 583 3511 pater
601 3416 730 3511 Elysio,
747 3417 891 3513 genitrix
905 3442 988 3511 quos
1004 3416 1125 3487 detulit
1140 3442 1255 3487 annos.

373 3540 446 3609 Hoc
466 3536 514 3605 illi
533 3536 631 3606 duras
653 3561 831 3607 exoravere
848 3562 976 3607 sorores
995 3565 1003 3605 ε

372 3663 459 3745 Hoc,
477 3682 550 3752 quae
568 3672 601 3726 te
620 3658 681 3726 sub
699 3670 797 3745 teste,
810 3659 909 3727 situm
931 3657 1077 3752 fugitura
1095 3672 1274 3749 tacentem,

373 3777 486 3849 Ardua
507 3778 711 3875 magnanimi
732 3779 902 3848 revirescit
920 3775 1027 3873 gloria
1043 3776 1147 3849 Blaesi.

773 4068 1052 4094 *ω
