2934 4950
330 460 365 522 rt
679 453 709 506 r.
731 451 855 508 sustu
875 451 997 508 srsru
1255 447 1304 508 (v.
1326 449 1410 506 ιω.)

330 583 450 649 Fumat
467 604 567 648 arena
584 580 685 648 sacris
706 605 714 646 t
733 580 794 648 hos
813 603 874 647 nec
894 579 1017 646 Pisaeus
1035 577 1178 644 honores

329 701 500 794 luppiter,
522 712 580 768 aut
600 697 737 794 Cyrrhae
756 711 849 793 pater
865 711 1060 792 aspernetur
1075 719 1194 790 opacae.

330 817 386 887 Nil
401 819 452 888 his
468 821 562 888 triste
581 817 687 888 locis:
708 818 805 888 cedat
823 814 1042 912 lacrymabilis
1060 816 1218 900 Isthmos,

329 937 435 1008 Cedat
451 953 546 1008 atrox
560 941 686 1010 Nemee
704 963 712 1008 ι
732 937 807 1008 litat
822 939 878 1008 hic
897 936 1022 1007 felicior
1038 936 1156 1006 infans.

330 1061 413 1152 Ipsae
429 1061 590 1154 pumiceis
605 1059 727 1128 virides
747 1056 905 1128 Nereides
920 1059 1023 1128 antris

329 1178 495 1249 Exsiliunt
515 1179 620 1267 ultro,
637 1196 672 1249 et
687 1179 832 1275 scopulis
848 1180 1023 1249 utentibus
1040 1179 1186 1264 haerent,

331 1303 402 1372 Nec
417 1300 521 1395 pudet
536 1301 665 1371 occulte
680 1300 788 1369 nudas
801 1315 951 1394 spectare
967 1296 1142 1395 palaestras.

330 1423 465 1516 Spectat
482 1436 516 1491 et
535 1423 641 1491 Icario
658 1445 853 1490 nemorosus
873 1420 1008 1515 palmite
1026 1425 1174 1506 Gaurus,

331 1543 485 1636 Silvaque
501 1568 574 1637 quae
595 1543 694 1610 fixam
713 1540 829 1636 pelago
848 1540 971 1612 Nesida
989 1555 1143 1626 coronat3

330 1668 373 1734 Et
391 1663 538 1758 placidus
556 1665 693 1750 Limon,
710 1685 875 1755 omenque
889 1659 1028 1754 Euploea
1039 1661 1173 1747 carinis,

330 1788 375 1853 Et
393 1785 539 1854 Lucrina
556 1787 685 1869 Venus3
700 1783 912 1877 Phrygioque
932 1783 1085 1850 everticc
1097 1782 1213 1852 Graias

330 1903 509 1993 adsciscis,
527 1905 669 1992 Miseno,
687 1903 802 1990 tubas3
821 1902 974 1997 ridetque
991 1902 1134 1995 benigna

331 2024 540 2119 Parthenope
560 2022 683 2119 gentile
696 2049 845 2110 sacrum,
861 2023 1033 2118 nudosque
1052 2025 1197 2092 virorum

332 2147 502 2233 Certatus,
521 2160 554 2214 et
572 2167 675 2239 parva
693 2169 760 2214 suae
778 2143 955 2214 simulacra
973 2167 1114 2212 coronae.

378 2267 472 2356 Quin
489 2291 564 2360 age,
581 2277 614 2333 et
633 2265 705 2359 ipse
725 2262 832 2333 libens
846 2265 974 2359 proprii
995 2263 1184 2332 certaminis
1199 2277 1303 2332 actus

330 2387 457 2455 lnvicta
475 2385 613 2482 dignare
626 2409 728 2454 manu
747 2411 755 2453 ε
776 2409 834 2454 seu
852 2382 966 2452 nubila
987 2383 1079 2453 disco

330 2506 489 2593 Findere,
509 2531 568 2577 seu
584 2505 735 2598 volucres
756 2507 916 2601 zephyros
936 2519 1131 2600 praevertere
1150 2504 1231 2591 telo,

330 2629 394 2696 Seu
412 2628 473 2695 tibi
492 2625 589 2696 dulce
608 2652 709 2699 manu
732 2624 877 2721 liquidas,
888 2626 1012 2695 nodare
1030 2623 1212 2720 palaestram

329 2746 470 2841 Indulge
485 2748 537 2816 his
547 2749 648 2817 sacris
665 2774 673 2815 :
689 2761 722 2815 et
738 2748 766 2815 si
782 2748 842 2815 tibi
860 2771 958 2841 poma
978 2762 1157 2841 supersunt

330 2867 567 2961 Hesperidum,
583 2868 710 2962 gremio
727 2865 923 2936 venerabilis
945 2869 1057 2962 ingere
1077 2865 1200 2954 Pollae3

329 2990 416 3060 Nam
432 2990 538 3082 capit,
555 3002 588 3057 et
605 3002 733 3057 tantum
757 3013 825 3057 non
843 2988 986 3083 degener
1002 2982 1105 3058 ambit
1123 2992 1299 3060 honorem.

328 3108 430 3199 Quod
445 3110 472 3178 si
488 3107 585 3178 dulce
602 3107 702 3177 decus
721 3109 908 3203 viridesque
926 3126 1109 3180 resumeret
1128 3136 1233 3181 annos

328 3229 405 3320 (Da
422 3229 569 3314 veniam,
586 3225 730 3320 Alcide),
745 3228 812 3297 fors
829 3229 908 3298 huic
923 3244 956 3298 et
972 3255 1074 3324 pensa
1095 3231 1232 3301 tulisses.

376 3351 453 3419 Haec
473 3372 535 3442 ego
549 3361 719 3416 nascentes
737 3344 848 3417 laetum
866 3350 1047 3420 bacchatus
1063 3352 1104 3420 ad
1122 3376 1196 3420 aras

327 3468 523 3537 Libamenta
540 3466 612 3537 tuli.
630 3469 662 3539 N
665 3493 732 3537 unc
754 3470 861 3564 ipsum
880 3471 913 3539 in
933 3470 1047 3541 limine
1065 3497 1166 3541 cerno

327 3586 516 3657 Solventem
534 3612 648 3675 voces,
665 3603 699 3658 et
715 3588 794 3659 talia
814 3589 903 3660 dicta
923 3591 1107 3661 ferentem:

375 3711 509 3778 «Macte
524 3712 643 3779 animis
653 3711 853 3805 opibusque,
870 3736 959 3781 meos
974 3714 1101 3781 imitate
1120 3712 1269 3801 labores,

328 3829 395 3920 Qui
413 3829 536 3924 rigidas
554 3854 671 3926 rupes,
690 3830 940 3927 infecundaeque
958 3833 1112 3927 pudenda

328 3953 465 4023 Naturae
482 3949 610 4021 deserta
628 3951 759 4040 domas,
776 3967 810 4022 et
828 3955 929 4024 vertis
945 3956 979 4022 iu
1000 3980 1096 4023 usum

328 4075 448 4143 Lustra
463 4073 611 4143 habitata
625 4074 718 4159 feris,
735 4074 885 4169 loedeque
898 4076 1034 4147 latentia
1049 4078 1177 4172 profers
