2934 4950
77 474 186 541 (tm)
348 564 351 569 Ι
383 478 597 535 Tttttstmos
619 478 728 535 LIBER
751 480 824 533 Vlll.
1063 480 1117 545 137

78 601 243 696 Claraque
261 627 322 696 per
342 627 477 671 somnos
493 604 612 673 animis
632 603 809 673 simulacra
829 602 972 671 reverti?

76 726 159 791 Ecce
178 747 260 817 ego,
277 748 352 815 quse
372 721 561 813 thalamos,
577 750 638 794 nec
656 727 684 794 si
700 750 767 819 pax
786 722 853 793 alta
871 736 1038 811 maneret,

75 844 266 912 Tractarem
283 868 400 934 sensu,
420 843 537 940 (pudet
552 842 658 940 heul)
678 846 848 914 connubia
864 842 932 912 vidi

75 963 194 1050 Nocte,
207 956 304 1033 soror
315 989 493 1058 :sponsum
505 963 651 1061 (undel)
664 966 747 1035 mthi
760 957 985 1061 sopor'attulit
1002 986 1120 1031 amens

75 1084 140 1149 Vix
161 1097 279 1151 notum
301 1085 374 1153 visu
390 1110 398 1151 ε
417 1080 524 1153 semel
537 1085 589 1154 bis
608 1087 643 1153 in
663 1084 797 1155 sedibus
813 1080 926 1172 illum,

75 1206 167 1271 Dum
188 1228 263 1273 mea
281 1206 474 1299 nescioquo
492 1205 701 1302 spondentur
719 1205 846 1274 foedera
860 1220 957 1299 pacto
1000 1218 1004 1223 ’
1063 1218 1066 1223 ’

75 1326 221 1419 Respexi
236 1349 305 1393 non
322 1340 457 1420 sponte,
479 1352 574 1396 soror
593 1354 600 1396 :
618 1326 750 1396 turbata
768 1340 906 1422 repente

75 1445 200 1514 Omina
220 1446 415 1533 cernebam3
434 1447 630 1542 subitusque
649 1446 820 1517 intercidit
837 1448 942 1541 ignis;

74 1568 200 1658 Meque
220 1566 421 1661 sequebatur
438 1568 557 1637 rabido
576 1566 720 1637 clamore
736 1576 922 1661 reposcens

75 1688 187 1754 Mater
202 1689 303 1781 Atyn.
325 1688 490 1777 Quaenam
509 1690 579 1757 lraec
596 1686 706 1756 dubiae
719 1687 878 1782 praesagia
897 1683 1022 1755 cladis?

76 1808 146 1876 Nec
162 1808 281 1892 timeo,
300 1807 381 1877 dum
397 1822 469 1877 tnta
487 1807 624 1897 domus,
641 1806 803 1900 milesque
818 1805 952 1876 recedat
972 1834 976 1843 ·

75 1928 241 2013 Doricus,
258 1944 292 1998 et
312 1929 457 1998 tumidos
476 1927 576 1999 liceat
594 1953 797 2023 componere
816 1928 947 1997 fratres.
959 1956 976 1991 »
1050 1944 1055 1951 ·

124 2046 221 2117 Talia
241 2050 436 2139 nectebant,
457 2050 567 2119 subito
588 2075 692 2143 quum
709 2051 806 2144 pigra
826 2046 971 2118 tumultu
1088 2072 1091 2077 ’

76 2170 224 2264 Expavit
241 2168 377 2258 domus,
397 2184 430 2239 et
448 2168 555 2239 multo
575 2170 696 2240 sudore
712 2185 864 2264 receptus

77 2292 199 2359 Fertur
218 2293 316 2384 Atys,
336 2315 472 2360 servans
491 2293 636 2361 animam
651 2291 720 2385 jam
738 2292 900 2386 sanguine
918 2288 1031 2373 nullo,

78 2415 143 2484 Cui
163 2438 283 2484 manus
302 2417 338 2486 in
357 2414 659 2512 plaga,'depcndet
678 2413 837 2512 languida
854 2417 964 2486 cervix

78 2536 234 2606 Extat-ior
249 2535 383 2631 clypeo,
402 2538 577 2631 crinesque
596 2563 615 2606 a
632 2537 742 2606 fronte
763 2538 884 2633 supini.
934 2548 940 2554 ’

125 2658 242 2727 Prima
258 2656 367 2746 videt,
386 2682 564 2756 caramque
579 2672 722 2727 tremens
739 2660 868 2727 Iocasta
879 2659 1026 2727 ‘vocabat

77 2781 257 2848 Ismenen:
276 2800 420 2872 namque
439 2779 504 2848 hoc
523 2777 631 2848 solum
650 2777 852 2847 moribunda
871 2793 1028 2873 precatur

78 2903 156 2969 Vox
176 2902 315 2994 generi:
332 2897 439 2970 solum
457 2900 522 2970 hoc
539 2898 657 2996 gelidis
674 2900 744 2993 jam
762 2923 884 2968 nomen
904 2902 1029 2968 inerrat

79 3020 271 3091 Faucibus:
288 3018 476 3091 exclanmnt
493 3019 626 3090 famulae
643 3047 651 3089 :
670 3019 809 3089 tollebat
825 3021 860 3088 in
882 3043 942 3090 ora

79 3144 186 3237 Virgo
204 3166 345 3211 manus:
364 3145 472 3211 tenuit
489 3165 595 3228 saevus
613 3141 723 3237 pudor
739 3156 907 3210 :attamen
928 3143 976 3210 ire

18 3283 22 3296 '
79 3253 235 3358 Cogitur,
255 3260 408 3356 indulget
427 3287 595 3332 summum
616 3263 680 3332 boc
699 3265 829 3332 Iocasta
841 3262 988 3356 jacenti,

81 3381 303 3476 Ostenditque
324 3381 488 3476 offertque
506 3409 514 3451 ε
530 3396 650 3476 quater
664 3384 735 3476 jam
753 3396 861 3451 morte
877 3382 940 3451 sub
960 3383 1032 3477 ipsa

81 3502 132 3571 Ad
151 3527 274 3572 nomen
292 3503 400 3592 visus,
419 3502 612 3597 dejectaque
628 3502 760 3572 fortiter
780 3527 839 3572 ora

83 3619 226 3692 Sustulit
246 3649 254 3690 ε
275 3620 365 3690 illam
383 3615 486 3692 unuin
503 3621 655 3719 neglecto
673 3622 800 3692 lumine
818 3621 889 3692 coeli

83 3742 252 3837 Adspicit,
271 3757 304 3812 et
324 3741 420 3812 vultu
438 3768 507 3812 non
526 3745 708 3812 exsatiatur
727 3758 849 3812 amato.
931 3770 933 3775 ·
980 3769 983 3774 ·

83 3866 177 3932 Tunc
194 3865 273 3958 quia
292 3889 355 3933 nec
376 3866 518 3960 genitrix
536 3867 647 3960 juxta,
665 3866 862 3959 positusque
879 3866 977 3935 beata

84 3987 193 4054 Morte
212 3999 319 4078 pater,
337 4009 466 4079 sponsae
480 4010 602 4054 munus
621 3984 807 4055 miserabile
826 3985 981 4074 tradunt,
1063 4013 1065 4016 ·
1096 4012 1099 4014 ’

85 4102 257 4175 Declinnre
275 4129 376 4200 genas
393 4106 463 4174 :ibi
485 4105 618 4176 demum
637 4121 721 4176 teste
742 4121 870 4176 remoto
906 4189 909 4196 Ι
1005 4132 1008 4138 ‘
