2934 4950
333 384 638 412 mmm

592 656 814 763 LIBER
850 659 1119 766 NONUS.
1240 750 1244 756 .

777 986 938 1004 —-

335 1165 520 1297 Assem
537 1228 662 1297 Aonios
681 1227 792 1297 rabies
811 1227 926 1297 audita
943 1229 1076 1297 cruenti

333 1346 462 1441 Tydeos
481 1348 569 1443 :ipsi
589 1349 689 1417 etiem
710 1349 822 1418 minus
839 1350 1032 1445 ingemuere
1041 1348 1212 1442 jacentem

332 1469 516 1560 Inachidae,
537 1466 742 1565 culpantque
759 1471 885 1557 virum,
903 1484 937 1540 et
956 1470 1086 1564 rupisse
1101 1486 1292 1564 queruntur
1435 1529 1436 1552 r

332 1594 395 1660 Fas
408 1590 477 1659 odii
493 1617 501 1659 ι
520 1592 603 1685 quin
621 1604 670 1678 te,
688 1592 815 1660 Divum
831 1589 1115 1686 implacidissime,
1132 1616 1322 1687 quanuarn
1436 1631 1437 1670 ι

332 1714 542 1806 Praecipuum
562 1726 642 1782 tunc
660 1710 759 1781 caedis
773 1737 880 1807 opus,
901 1710 1069 1801 Gradive,
1084 1710 1239 1799 fletebus,

332 1831 510 1904 Offensum
530 1835 654 1905 virtute
671 1834 786 1905 ferunt
803 1858 811 1901 z
831 1857 893 1903 nec
909 1834 1064 1902 corninus
1080 1834 1191 1932 ipsum

331 1955 421 2041 Ora,
444 1954 551 2027 sedet
569 1954 716 2051 trepidos
733 1968 826 2024 retro
843 1955 975 2023 torsisse
990 1953 1132 2053 jugules.

383 2078 473 2172 Ergo
492 2076 708 2171 profanatum
725 2073 914 2177 stembppi
932 2082 1033 2151 nimis
1051 2079 1172 2150 soerbo

324 2195 482 2279 ,Vulnere
498 2223 567 2267 non
589 2197 663 2267 aliis
683 2196 794 2271 ultum
812 2199 972 2271 Cadmeis
991 2200 1098 2295 pubes

334 2323 519 2415 Insurgunt
535 2316 702 2410 stimulis,
719 2344 822 2416 qusun
842 2322 871 2391 si
888 2320 1024 2391 mrbus
1038 2318 1200 2417 sepulcris

333 2443 422 2514 Osse
440 2456 597 2539 patrum,
617 2444 845 2538 monstrisque
863 2442 949 2516 dete
967 2441 1158 2514 crudelibus
1178 2468 1281 2514 mne.

332 2565 495 2638 Accendit
513 2589 573 2638 rex
587 2567 659 2662 ipse
675 2591 777 2664 super
792 2593 800 2636 t
815 2567 1073 2661 «Quisquamne
1089 2565 1238 2663 Pelasgis

332 2689 426 2756 Mitis
447 2687 575 2775 adhuc,
593 2688 831 2782 hominemque
848 2687 954 2783 gerit?
968 2687 1041 2781 jem
1055 2688 1225 2758 morsibus
1238 2689 1329 2758 uncis

332 2807 418 2904 (Pro
437 2806 550 2879 furor!
573 2833 679 2904 usque
698 2809 782 2880 adeo
798 2807 866 2879 tels
883 2807 1163 2905 exsatiarimusi’)
1184 2823 1276 2880 srtus

261 2993 263 2998 .
331 2928 548 3000 Dilscerant:
569 2955 683 3006 nonne
701 2932 867 3026 Hyrcanis
885 2929 1011 3000 bellare
1027 2931 1155 3026 putatis

331 3053 509 3148 Tigribus?
528 3067 587 3122 aut
606 3077 710 3124 steros
727 3053 842 3146 libyes
858 3068 975 3122 conus
988 3053 1037 3122 ire
1056 3050 1194 3122 leones?

332 3177 376 3244 Et
391 3198 483 3244 nunc
499 3172 555 3245 illc
567 3175 658 3268 jacet
676 3171 841 3272 (pulchra
853 3199 876 3243 o
892 3172 1009 3243 solatia
1023 3172 1080 3245 teti
1091 3171 1123 3270 Ι)

331 3298 400 3366 Ore
418 3309 533 3365 tenens
552 3294 673 3365 hostile
690 3310 811 3392 caput,
832 3293 989 3390 dulcique
1008 3295 1171 3365 nefandus

331 3418 529 3487 Immeritur
549 3416 630 3486 tsbo
647 3443 654 3485 :
671 3442 731 3486 nos
750 3417 877 3487 ferrum
896 3418 998 3504 mite,
1016 3415 1193 3512 facesque:

331 3536 402 3608 Illis
422 3538 514 3608 nuda
534 3536 628 3627 odia,
648 3553 682 3608 et
701 3537 815 3608 feritas
830 3539 902 3634 jam
921 3563 990 3607 non
1008 3554 1085 3636 eget
1104 3540 1215 3608 armis.

332 3659 387 3729 Sic
407 3673 569 3755 peragent
585 3657 713 3749 rabidi,
729 3659 887 3754 claraque
902 3659 966 3728 hac
985 3657 1059 3729 luce
1078 3658 1243 3748 fruentur,

332 3782 423 3849 Dum
438 3779 552 3849 videas
567 3780 649 3865 haec,
664 3805 794 3850 summe
808 3795 904 3876 pater
914 3807 922 3849 ε
932 3779 1088 3850 sedenim
1101 3781 1227 3851 hiscere
1243 3798 1360 3872 campos

332 3903 536 3995 Conquesti,
556 3915 718 3996 terraeque
738 3902 853 3998 fugam
871 3905 1096 3974 miserantur:
1113 3927 1156 3972 an
1176 3902 1254 3971 istos

332 4024 395 4097 vel
409 4049 469 4095 sua
487 4037 597 4121 portet
613 4023 786 4096 humusis
806 4029 935 4120 Magno
954 4026 1002 4094 sic
1019 4024 1108 4094 fatus
1128 4024 1247 4123 agebat
