2934 4950
349 438 406 496 258
655 429 868 494 umissos
888 429 999 488 LIBER
1018 431 1086 488 ΧΗ.
1280 437 1383 496 (ceux,

347 561 475 635 Arcada
495 583 563 669 quo
579 555 715 652 planctu
732 555 876 651 genitrix
895 556 1117 651 Erymanthia
1135 555 1275 646 clamet,

347 682 479 757 Arcada
496 693 673 752 consumto
691 692 880 748 servantem
898 680 1064 774 sanguine
1079 675 1212 768 vultus,

347 804 497 893 Arcada,
517 827 617 898 quem
637 802 778 897 gemine
795 799 1062 895 puriterflevere
1079 801 1247 872 cohortes.

347 932 414 1000 Vix
432 952 540 1000 novus
558 928 621 996 ists
638 924 746 1015 furor,
761 924 966 1017 veniensque
984 923 1157 1019 implesset
1172 924 1320 1019 Apollo:

347 1056 391 1122 Et
405 1076 479 1126 mes
493 1051 564 1146 jum
583 1047 685 1144 longo
705 1047 829 1118 meruit
848 1048 931 1118 ratis
951 1070 1086 1141 equore
1103 1063 1251 1142 portum.

398 1173 591 1243 Durabisne
611 1167 750 1264 procul,
769 1168 976 1262 dominoque
992 1167 1105 1265 legere
1123 1187 1311 1266 superstes,

349 1301 381 1367 Ο
399 1295 482 1365 mihi
501 1294 651 1364 bissenos
669 1290 816 1363 multum
834 1291 974 1389 vigilata
991 1317 1054 1388 per
1068 1317 1177 1365 annos

347 1415 496 1488 Thebai?
511 1419 581 1511 jam
600 1431 689 1486 certe
707 1439 852 1510 presens
871 1415 934 1484 tihi
952 1414 1042 1486 fama
1059 1416 1244 1513 benignum

348 1539 474 1610 Stravit
488 1521 565 1626 iter,
579 1538 748 1634 coepitque
765 1561 889 1608 noram
903 1553 1091 1609 monstrare
1107 1537 1241 1610 fisturis

347 1663 421 1730 Jsm
439 1675 471 1730 te
489 1662 724 1756 magnanimus
744 1659 905 1757 (ligneum
922 1685 1060 1731 noscere
1079 1664 1208 1747 emar,

348 1781 432 1853 Itala
446 1783 516 1878 jam
535 1780 646 1853 studio
665 1782 784 1872 discit,
803 1795 1033 1877 memoratque
1046 1782 1220 1877 juventus.

349 1903 450 1989 Vive,
470 1927 591 1997 piscor
607 1927 615 1970 :
634 1926 696 1972 nec
716 1915 754 1972 tu
773 1900 922 1972 divinam
940 1901 1078 1972 AEneids
1093 1915 1204 1992 tenta,

349 2023 414 2094 Sed
433 2023 533 2119 longe
551 2047 710 2117 sequere,
729 2036 764 2092 et
778 2025 919 2120 vestigia
934 2047 1066 2119 semper
1082 2023 1198 2096 adora.

348 2148 432 2215 Mox
448 2144 531 2230 tibi,
549 2143 576 2219 si
595 2143 671 2240 quis
689 2143 801 2214 adhuc
817 2143 996 2240 pretendit
1014 2145 1130 2217 nubila
1149 2146 1253 2234 livor,

350 2265 507 2356 Occidet,
528 2280 562 2335 et
579 2267 689 2338 meriti
705 2281 783 2361 post
803 2290 858 2336 me
875 2265 1064 2338 referentur
1081 2268 1240 2340 honores.
