2934 4950
48 554 155 615 (cass.)
354 551 568 608 THEuAlDos
590 551 700 608 mett
723 552 775 606 111.
1033 565 1087 616 ²²7

48 685 238 750 Devoveunt
253 705 263 748 τ
279 703 360 774 rape
378 694 592 770 cunctantes,
613 695 648 750 et
664 679 789 759 federa
804 679 923 766 turbu,

50 805 131 892 Quae
150 802 327 872 dedimus:
345 801 408 870 tibi
427 801 478 870 fas
497 804 588 898 ipsos
606 802 785 872 incendere
803 799 891 876 bello

49 922 234 1012 Coebcolas,
252 947 436 1018 pacemque
454 947 564 992 meam
582 948 590 992 ε
604 924 675 1019 jum
695 926 824 996 semine
844 945 965 1018 pugnae

49 1050 118 1142 lpse
136 1046 238 1115 dedi:
255 1061 381 1116 remeat
398 1059 537 1140 portam
555 1047 714 1116 immania
733 1045 866 1140 Tydeus

50 1174 133 1238 Auso
153 1167 267 1254 ducis,
288 1165 396 1236 scelus
412 1182 447 1236 et
464 1169 573 1264 turpis
591 1166 774 1263 primordia
791 1166 886 1254 belli,

50 1289 202 1378 Inuidia,
220 1286 440 1384 fraudesque,
457 1289 526 1358 suis
545 1315 629 1384 ques
649 1288 742 1358 ultus
760 1291 796 1358 iu
815 1293 927 1360 ermis.

94 1441 111 1476 ι
122 1409 224 1482 Adde
242 1408 363 1478 fidem:
379 1433 439 1479 ros
457 1433 480 1478 ο
495 1412 634 1504 Superi,
651 1435 744 1480 meus
762 1410 881 1481 ordine
897 1409 1050 1505 sanguis,

52 1535 99 1602 Ne
115 1545 267 1626 pugnate
285 1529 385 1616 odiis,
403 1553 469 1600 neu
489 1556 542 1600 me
559 1545 687 1601 mutare
703 1529 873 1627 preeundo

53 1653 215 1722 Certetis':
232 1653 281 1720 sic
298 1650 367 1720 futu
384 1652 484 1740 mibi,
501 1654 672 1747 nigraque
691 1649 853 1722 sororum¹

52 1778 206 1844 iuravere
224 1771 318 1842 colus
334 1798 343 1840 ι
361 1788 475 1842 munet
493 1774 564 1843 bec
581 1775 624 1843 ab
642 1775 773 1870 origine
790 1773 908 1844 mundi

55 1898 127 1964 Fixa
144 1894 220 1967 dies
234 1893 343 1981 bello,
364 1893 547 1990 populique
566 1897 602 1964 in
620 1893 737 1990 proelia
755 1897 835 1964 neti.

56 2017 141 2106 Quid
158 2018 195 2085 ni
214 2041 269 2085 me
288 2031 441 2085 veterum
457 2039 574 2111 poenns
590 2018 721 2086 sancire
737 2015 901 2086 malorum

58 2139 235 2226 Gentibus,
253 2149 289 2206 et
308 2136 401 2206 diros
420 2137 529 2206 sinitis
546 2140 669 2232 punire
685 2137 849 2233 nepotes?

60 2262 170 2329 Arcem
189 2259 280 2328 hauc
299 2273 479 2349 eternam,
496 2261 618 2328 mentis
632 2261 776 2329 sacraria
795 2273 937 2343 nostroe,

60 2383 183 2470 Testor,
204 2395 240 2449 et
258 2378 389 2476 Elysios
405 2382 505 2450 etiam
522 2381 604 2449 mibi
623 2382 765 2450 numina
787 2380 916 2464 fontes,

62 2505 129 2595 lpse
146 2528 251 2573 manu
271 2504 417 2592 Thebas,
436 2518 657 2599 correptaque
676 2505 800 2573 moenie
819 2503 923 2573 fundo

63 2626 252 2716 Excutiam,
268 2648 447 2720 versasque
466 2623 538 2695 solo
558 2651 662 2720 super
677 2625 802 2695 lnncbu
823 2640 908 2695 tecm

65 2744 236 2816 Effundam
252 2761 379 2835 turres,
399 2772 439 2817 uc
455 2761 573 2843 stagna
591 2751 627 2817 in
646 2746 769 2817 caemla
786 2762 915 2817 vertum

66 2870 167 2940 lubre
187 2872 393 2967 superject03
409 2869 486 2941 lioet
503 2874 575 2967 ipsa
593 2874 628 2941 in
647 2872 783 2942 turbine
798 2895 912 2941 rerum

67 2992 145 3061 luno
163 3018 242 3063 suos
262 2991 364 3063 colles
383 2991 616 3087 templumque
635 2992 788 3089 amplexu
807 2992 971 3062 laboret.»

108 3115 218 3202 Dixit3
233 3129 268 3184 et
286 3114 419 3204 attoniti
436 3115 538 3208 jussis
558 3112 728 3209 (mortalia
745 3113 860 3184 credas

70 3236 211 3333 Pectore)
233 3238 282 3306 sic
302 3238 416 3307 cuncti
431 3260 617 3332 vocemque
634 3238 833 3331 animosque
848 3234 1016 3305 tenebunt

71 3356 140 3426 lion
158 3384 253 3428 secus
269 3384 311 3428 ac
330 3356 431 3454 longe
446 3374 624 3429 ventorum
644 3382 726 3455 puce
742 3356 891 3429 solutum

72 3478 197 3573 ὕψιον,
213 3495 250 3550 et
265 3480 392 3550 imbelli
409 3481 572 3551 recubant
589 3481 648 3551 nbi
664 3479 764 3550 litora
784 3504 919 3568 somno,

74 3598 293 3697 Silvarumque
309 3626 440 3691 comas,
461 3617 495 3672 et
513 3604 633 3672 abacto
648 3601 783 3676 flamine
801 3600 907 3671 nubes

74 3719 187 3793 ttuleet
202 3726 291 3793 iners
306 3739 402 3795 estus
421 3751 430 3793 ε
451 3739 533 3795 tuno
546 3740 679 3820 stagna,
697 3722 856 3818 lacusque
875 3724 989 3791 sonori

75 3842 289 3915 Detumuere:
305 3861 419 3916 tacent
435 3847 589 3917 exliatuti
607 3844 734 3915 solibus
755 3870 879 3915 amnes.

115 3966 245 4036 Gaudet
261 3990 366 4037 orons
381 3968 503 4061 jussis,
521 3983 556 4037 et
571 3966 682 4037 adbuc
704 3982 837 4036 temone
857 3947 977 4037 calenti

77 4083 242 4177 Fer-vidus,
263 4090 298 4159 in
320 4086 440 4159 levum
460 4103 594 4185 torquet
612 4088 782 4158 Gradivus
802 4088 958 4158 habenas.

77 4206 203 4301 lamque
223 4215 287 4278 iter
305 4226 513 4301 extremum,
533 4209 674 4305 coelique
695 4211 840 4305 abrupte
860 4210 1010 4295 tenebat,

915 4354 965 4396 rs.
