2934 4950
332 492 373 547 IN
396 493 425 548 P.
449 491 476 546 Ρ.
500 490 626 548 STATll
649 491 756 547 THEB.
779 492 850 548 LIB.
872 493 924 548 lX.
1099 494 1155 555 325

143 610 187 664 Et
205 607 284 682 Tyn'i
301 605 339 686 (v.
359 608 432 686 177).
448 607 575 663 «Melius
589 609 714 682 optimus
729 618 759 665 et
777 609 825 665 alii
839 610 905 666 libri
922 629 929 663 :
945 611 985 664 Ae
1003 611 1093 685 Tyrii.
1109 637 1124 663 o

981 703 1092 761 llnru.

147 791 321 872 Culminelv.
341 795 416 870 194).
431 795 476 850 Sc.
492 795 604 870 templi,
615 795 660 850 vel
675 794 779 850 aediurn
791 795 987 868 pastoralium.
997 797 1033 852 V.
1044 798 1156 854 Bnrn.

147 889 380 964 Gaudentemque
390 887 493 956 jubam
517 886 554 962 (v.
578 885 655 965 orl).
672 890 724 941 llll
745 907 752 941 τ
769 872 1006 962 cunctantemque
1016 888 1126 960 jubam.
1144 914 1156 939 ι

146 987 294 1056 Astyagen
308 979 346 1058 (r.
370 979 447 1056 253).
465 981 519 1036 ΜΒ
539 1001 546 1035 :
567 982 732 1037 Astaciden.

143 1075 186 1129 Ee
212 1094 232 1128 a
245 1073 337 1147 fluvio
353 1070 392 1152 (v.
413 1071 492 1146 258).
512 1076 587 1130 Bene
605 1076 659 1130 ΜΒ
685 1094 691 1127 :
715 1094 757 1129 ee
777 1072 876 1130 fluvio.
889 1097 902 1124 ι
917 1075 1047 1132 -ldem
1060 1086 1126 1132 ante
1146 1095 1152 1130 :

101 1180 253 1242 utrumque
267 1179 347 1224 tenet.

144 1261 223 1314 Puer
236 1262 342 1335 Agrius
352 1259 389 1335 (v.
402 1257 479 1337 266).
491 1259 630 1316 nBehott.
647 1278 653 1314 :
669 1259 826 1335 Argtpnus.
841 1291 881 1304 -
891 1263 989 1317 Paullo
1001 1270 1069 1336 post
1083 1263 1155 1316 Mn:

104 1354 258 1408 conamine
271 1355 355 1409 uicto.

146 1445 271 1520 Sagen..
286 1448 386 1502 mersit
398 1443 436 1522 (v.
454 1445 532 1522 269).
550 1448 604 1501 ΜΒ
619 1465 626 1500 :
652 1447 780 1520 Tagen...
800 1448 910 1523 mergit.
920 1448 1050 1504 -ldem
1064 1448 1156 1503 altero

100 1538 211 1594 abhinc
223 1559 308 1595 versu
324 1559 331 1594 :
349 1543 414 1596 Des.
430 1542 496 1614 ripa
504 1539 629 1611 fratrem
645 1552 790 1614 erupturus
804 1543 858 1615 Ag.

142 1633 295 1690 Choletum
313 1633 351 1708 (v.
367 1633 445 1712 276).
460 1635 514 1689 ΜΒ
534 1654 540 1688 :
559 1634 706 1700 Calenum
720 1636 791 1708 Rog.
817 1653 828 1689 r
853 1653 860 1687 ε
879 1633 1073 1708 Capetum-
1087 1637 1155 1710 Seq.

98 1745 126 1781 v.
148 1726 266 1780 Nodato
283 1727 399 1800 gurgite.
424 1726 522 1797 «Quin
536 1726 667 1801 astringit
691 1725 802 1802 vertigo
821 1722 948 1783 fluminis
964 1737 1109 1791 natantes.
1127 1740 1156 1784 ct

99 1837 164 1872 non
181 1816 231 1874 dat
250 1817 373 1890 spatium
387 1817 563 1874 evadendi.»
576 1819 663 1874 Lucu.

147 1909 268 1966 Concita
284 1921 374 1965 noctu
389 1911 508 1986 gurgisis
524 1911 562 1986 (v.
579 1909 656 1987 282).
680 1913 806 1988 ‘Apage
820 1910 981 1988 segniorem
995 1927 1154 1988 quum-pro

100 2023 132 2059 re
149 2021 253 2062 vocem
269 2012 298 2058 et
310 2004 402 2060 scribe
420 2023 485 2061 curn
499 2014 560 2078 opt.
577 2027 584 2060 :
601 2003 739 2060 «concita
752 2016 844 2078 raptu.
853 2027 870 2056 n
885 2006 996 2061 Boura.

149 2097 371 2172 Thebarumque
392 2099 504 2154 Lichan
524 2098 563 2176 (v.
580 2095 658 2176 ²91l·
682 2097 817 2154 siccaue
847 2098 933 2154 codd.
954 2097 1086 2174 aliquot5
1108 2101 1159 2158 sed

99 2192 218 2264 plures,
232 2189 309 2246 inter
337 2210 411 2265 quos
429 2192 499 2261 ΜΒ,
527 2192 702 2247 Tneboeum:
728 2190 807 2247 undo
830 2189 878 2246 alii
898 2191 1009 2246 librarii
1030 2192 1160 2249 lecerunt

102 2284 272 2339 Phoebeum.
288 2284 393 2340 Forma
413 2283 501 2358 igitur
526 2283 666 2339 Theba-ue
680 2282 749 2357 quia
763 2282 807 2337 uti
825 2300 887 2337 non
904 2283 1022 2339 videtur
1037 2284 1158 2356 Statius,

101 2376 271 2433 Gronovius
285 2377 477 2451 probabiliter
494 2374 580 2434 finxit
597 2375 776 2441 Thnboenm,
794 2376 861 2431 coll.
880 2376 949 2447 768.

141 2471 210 2527 Non
224 2472 376 2547 decepture
382 2485 517 2549 parentes
533 2469 571 2546 (v.
586 2466 665 2547 295).
681 2468 741 2526 «ld
764 2479 806 2524 est
827 2467 858 2524 in
876 2469 962 2526 unius
979 2470 1062 2525 vultu
1082 2470 1159 2528 desi-

101 2574 176 2620 nant
188 2576 323 2638 parentes
336 2584 371 2620 ex
388 2562 575 2621 similitudine
589 2560 716 2617 filiorum
729 2579 836 2617 errare.
846 2584 862 2612 n
881 2563 969 2618 anr.

142 2658 233 2713 Solvit
244 2656 283 2735 (v.
306 2656 382 2723 301).
397 2660 536 2730 Petrens„
551 2660 621 2731 Reg.
641 2675 652 2710 1
672 2676 679 2709 ε
694 2657 788 2710 soloen

146 2750 291 2824 Elysias...
305 2770 413 2807 sorores
427 2747 465 2828 (v.
483 2750 560 2825 323).
576 2751 702 2807 «Parcas
716 2748 747 2801 in
761 2746 865 2822 Elysiis
878 2747 985 2821 campis
999 2747 1156 2805 dominan-

101 2854 153 2901 tes.
175 2842 313 2920 lntelligit
326 2856 448 2901 mortem
463 2854 492 2900 et
507 2842 544 2899 ad
557 2841 667 2917 Elysios
687 2859 805 2915 campos
827 2838 958 2917 [aditum]
973 2860 1032 2898 esse
1049 2842 1081 2896 in
1098 2860 1157 2916 po-

102 2947 206 2994 testate
226 2942 411 2995 Parcarum.»
428 2941 529 2993 Gnoso.
765 2956 769 2961 ·

145 3033 314 3107 Pariterque
330 3032 476 3086 revertitur
485 3031 579 3085 amnis
589 3026 627 3107 (v.
644 3028 724 3105 327).
735 3052 747 3077 ι
758 3028 885 3083 Omnino
895 3029 1048 3103 legendum
1056 3032 1138 3087 amni
1149 3051 1159 3085 .·

104 3126 135 3180 id
150 3136 195 3181 est
209 3144 274 3181 cum
283 3126 347 3200 ipso
365 3123 484 3199 llurnine
503 3122 647 3180 celeritate
666 3120 788 3177 vertitur
801 3131 829 3176 et
843 3122 1008 3179 revertitur.
1021 3148 1033 3173 ι
1044 3126 1157 3180 Bnurn.

108 3219 304 3275 Anthedonius
317 3220 441 3293 hospes,
463 3220 597 3275 Glaucus.

147 3312 210 3367 Nec
222 3312 396 3389 discolorlr.
414 3310 491 3387 338).
509 3312 564 3367 ΜΒ
576 3329 583 3364 :
598 3311 690 3365 «lam
708 3308 867 3364 discolor.»
881 3308 938 3365 Sed
952 3309 1024 3366 illud
1045 3329 1158 3383 renim,

104 3416 137 3461 ut
151 3414 230 3461 recto
248 3404 359 3478 judicat
374 3404 525 3463 Weberus.
771 3420 776 3433 ·

147 3498 256 3553 Misero
278 3494 317 3575 (v.
334 3496 411 3574 378).
433 3496 488 3551 ΜΒ
505 3516 512 3550 :
532 3497 652 3552 mireroe.
668 3497 704 3552 Et
724 3517 751 3551 v.
769 3494 827 3553 380
847 3495 924 3551 idem
951 3497 1091 3571 Reppulit
1100 3517 1156 3571 pro

106 3594 220 3648 rettulit.

148 3689 229 3743 Sane
236 3727 247 3755 ,
268 3687 337 3741 ueni
355 3683 394 3764 (r.
418 3684 496 3764 398).
513 3686 567 3741 ΜΒ
588 3695 616 3741 et
636 3684 708 3741 alius
729 3705 736 3738 :
757 3686 832 3741 Sere.
851 3716 892 3728 —
912 3686 977 3739 Non
995 3685 1043 3739 nic
1066 3687 1158 3739 solum

106 3798 258 3835 accensure
270 3790 411 3855 nepotem.
433 3776 582 3834 «Habebis
596 3795 710 3833 causum
727 3778 812 3833 alium
831 3778 1021 3853 lacrymarum
1036 3788 1158 3851 propter

107 3872 257 3949 Hypseum
280 3872 381 3929 funere
394 3870 471 3950 [MS.
492 3870 575 3927 Lind.
599 3890 606 3924 :
626 3869 835 3927 «funerum»
849 3874 896 3927 An
904 3868 1010 3938 fraeno
1026 3870 1071 3924 vel
1083 3869 1157 3941 sra-

107 3970 240 4023 temumc⁷
255 3968 320 4023 coll.
343 3985 371 4022 v.
397 3964 466 4042 449]
486 3963 592 4036 filium,
617 3982 703 4039 quem
722 3976 823 4038 postea
843 3966 992 4038 Capaneus
1012 3962 1158 4018 occisurus

107 4070 157 4115 est.
171 4084 187 4110 o
206 4062 292 4117 anr.
313 4059 423 4116 emend.
444 4078 460 4115 e
482 4058 547 4114 cod.
567 4056 653 4114 Pario.
669 4057 804 4114 Rectiorr
820 4059 879 4113 hnc
893 4076 981 4131 quam
995 4074 1060 4130 quae
1077 4058 1157 4132 glos-

110 4154 274 4231 sographus.
