2934 4950
62 461 165 521 {snit
362 455 577 513 maternos
595 453 706 511 utana
726 455 776 510 tv.
844 449 848 454 ’
1061 471 1096 526 ²7

61 586 120 654 Sed
139 582 216 679 quid
235 607 299 679 ego
318 582 414 653 baec?
435 552 604 677 lassosque
619 583 743 676 optatis
763 580 921 650 demoror
938 580 1056 652 undis?

61 709 181 776 Mecum
198 731 260 800 age
278 729 370 774 nunc
385 729 393 773 ε
411 707 439 774 ai
458 705 544 773 sorte
564 703 652 772 vado
669 703 797 798 Langia
817 727 978 797 perennes

62 835 167 899 Servat
183 853 289 924 aquas
304 853 313 896 τ
331 827 418 897 solet
435 842 471 896 et
485 826 595 922 rapidi
611 827 674 895 sub
690 826 797 896 limite
814 827 940 914 cancri¹

63 957 204 1046 Semper,
221 951 373 1021 etlcarii
391 950 546 1044 quamvis
562 950 646 1043 juba
664 947 810 1044 fulgeret
827 950 922 1037 astri,

61 1079 108 1144 [τε
124 1091 244 1144 nmen.
262 1103 278 1140 a
294 1070 402 1144 Simul
419 1073 619 1160 herentem,
638 1095 681 1141 ne
697 1072 793 1141 tarda
808 1071 954 1166 Pelasgis

61 1200 129 1266 Dux
145 1196 250 1285 foret,
268 1197 313 1266 ab
328 1197 487 1265 miserum
505 1196 617 1264 ricino
632 1195 756 1290 cespite
776 1193 969 1282 alumnum,

61 1319 109 1388 Sic
124 1321 236 1388 Parca
254 1315 407 1405 voluere,
427 1316 534 1406 locat,
550 1319 714 1414 ponitque
731 1334 912 1413 negantem

60 1438 204 1510 Floribus
220 1441 386 1536 aggestis,
405 1455 440 1509 et
454 1441 564 1510 amico
579 1462 757 1510 murmure
774 1439 887 1510 dulces
975 1505 979 1516 .

61 1560 184 1631 Solatur
204 1559 369 1657 lacrymas
385 1588 394 1630 :
412 1561 521 1656 qualis
540 1563 762 1657 Berecynthia
779 1577 900 1648 mater,

61 1686 142 1752 Dum
156 1685 247 1752 circa
263 1702 407 1778 parrum
421 1683 520 1778 jubet
539 1683 708 1754 exsultare
723 1688 911 1753 Tonantem

62 1807 193 1874 Curetas
215 1803 363 1900 mepidoe
384 1829 393 1872 r
412 1803 462 1873 illi
482 1807 644 1875 certantia
662 1780 829 1900 plaudunt

62 1928 172 2022 Orgia,
190 1925 250 1997 sed
270 1927 399 2022 magnis
415 1942 552 1996 resonat
568 1928 736 2024 vagitibus
755 1927 825 1997 lde.

104 2057 145 2120 At
163 2073 249 2145 parer
267 2049 302 2117 in
320 2049 449 2144 guetino
466 2072 576 2120 amna
595 2049 739 2137 telluris,
759 2066 792 2119 et
812 2049 881 2121 alto

62 2173 230 2260 Gramine,
250 2194 342 2240 nnnc
359 2169 473 2242 netes
490 2174 611 2242 sternit
630 2175 847 2268 procursibus
866 2173 985 2243 herbas

62 2292 247 2364 Incultum
265 2295 399 2383 nitens3
417 2317 531 2364 caram
548 2294 650 2365 modo
668 2289 764 2366 laetis
784 2318 892 2390 egeno

63 2417 230 2486 Nutricem
246 2412 402 2511 clangore
418 2417 526 2504 mens,
548 2418 737 2513 iterumque
757 2415 927 2501 renidens,

64 2542 100 2607 Et
113 2530 236 2609 teneris
254 2540 420 2610 meditans
435 2542 537 2611 rerba
556 2540 742 2611 illectantia
764 2540 880 2627 labris,

65 2664 201 2732 Miratur
218 2684 395 2733 nemorum
415 2667 588 2759 strepitus,
603 2679 662 2733 aut
678 2665 778 2734 obvia
799 2664 924 2757 carpit,

64 2787 123 2852 but
138 2783 257 2881 patulo
277 2782 380 2854 trabit
399 2810 458 2856 ore
476 2785 590 2858 dienu
612 2787 822 2882 nemorisque
841 2782 1005 2854 malorum

65 2907 200 2994 Inscius,
217 2921 251 2975 et
270 2908 347 2977 vita
364 2907 509 2977 multum
529 2932 666 2978 securus
682 2911 819 2978 inerrat.

66 3027 112 3094 Sic
129 3042 224 3097 tener
243 3029 387 3124 Odrysia
407 3032 545 3100 Mauors
562 3033 658 3119 nive‚·
671 3032 718 3100 sio
738 3054 821 3125 puer
840 3028 906 3099 ales

66 3150 190 3219 Vertice
205 3149 381 3235 Maenalio,
401 3149 477 3250 talis
496 3177 557 3248 per
576 3149 676 3222 litora
695 3167 833 3248 reptans

67 3271 234 3365 [mprobus
255 3275 406 3369 Ortygiae
422 3270 510 3343 latus
526 3272 708 3344 inclinabat
726 3273 858 3369 Apollo.

108 3389 159 3462 llli
188 3417 249 3489 per
262 3393 386 3464 dumos
401 3410 436 3465 et
454 3419 558 3492 opaca
576 3399 764 3467 virentibus
784 3397 910 3465 umbris

68 3514 166 3584 Devia
183 3539 261 3611 pars
280 3518 443 3613 cingunt,
461 3540 539 3613 pars
558 3534 631 3587 acta
647 3517 745 3615 plebe
764 3522 968 3612 sequuntur,

69 3636 343 3733 Praecelerantque
364 3638 494 3709 ducem.
516 3641 669 3711 Medium
687 3642 776 3711 subit
795 3638 851 3708 illa
870 3662 930 3734 per
946 3658 1066 3732 agmen

70 3758 140 3828 Non
158 3758 279 3829 humili
299 3759 416 3831 festina
434 3762 535 3832 modo
556 3787 563 3832 ε
583 3764 721 3857 jamque
742 3786 841 3831 amne
861 3760 1052 3854 propinquo

71 3880 175 3950 Rauca
193 3897 292 3953 sonat
310 3881 422 3973 vallis,
443 3910 665 3981 saxosumque
681 3882 817 3980 impulit
834 3906 930 3951 aures

66 4000 216 4073 'Murmur
234 4030 242 4072 ι
262 4006 308 4074 ibi
330 4006 501 4077 exsultans
519 4006 707 4079 conclamat
720 4008 764 4075 ab
781 4006 913 4101 agmine
929 4002 1055 4098 primo,

72 4123 156 4193 Sicut
174 4141 266 4215 erat,
288 4124 417 4198 levibus
435 4128 554 4199 tollens
574 4128 692 4200 vexilla
710 4128 867 4223 maniplis
