2934 4950
375 435 430 488 172
508 445 512 455 ·
686 369 900 471 innuimus
919 415 1029 472 nnnn
1049 417 1103 473 1x.
1304 421 1407 484 (es-2⁵.)

371 551 416 616 Et
428 546 496 639 jum
513 570 601 640 pone
619 557 726 612 metus
743 569 751 611 :
767 542 891 613 frustra
906 543 948 613 de
963 543 1048 613 colle
1068 547 1175 640 Lycaei

371 667 480 736 Anxia
495 680 703 762 prospectas,
724 665 751 734 si
771 665 845 758 quis
861 691 923 760 per
938 664 1054 735 nubila
1074 666 1173 763 longe

370 792 439 859 Aut
456 811 573 875 sonus,
591 801 649 855 aut
668 801 784 855 nostro
798 784 948 856 sublatus
969 787 1012 855 ab
1031 788 1165 884 agmine
1180 790 1302 885 pulvis.

370 907 525 1002 Frigidus
546 907 580 976 in
597 906 689 976 nuda
704 907 801 1000 jaceo
819 904 958 996 tellure,
980 933 1041 977 nec
1055 932 1196 1004 usquam

286 1025 289 1036 ’
370 1033 422 1102 Tu
439 1054 561 1124 prope,
580 1053 654 1122 quae
669 1028 803 1117 vultus,
823 1027 1039 1123 efflantiaque
1053 1056 1114 1100 ora
1134 1047 1275 1103 teneres.

371 1157 470 1222 Hunc
483 1166 609 1238 tamen,
623 1150 706 1219 orba
716 1175 855 1245 parens5
868 1151 993 1221 crinem
1007 1152 1205 1248 (dextraque
1219 1159 1394 1227 secandum

370 1270 561 1368 Praebuit),
579 1269 670 1342 hunc
691 1276 763 1340 tote
781 1272 891 1366 cupies
909 1297 971 1365 pro
987 1284 1129 1368 corpore
1147 1278 1295 1367 crinem,

371 1398 512 1465 Comere
529 1418 630 1488 quem
646 1392 771 1462 frustra
786 1418 840 1461 me
858 1392 1059 1489 dedignante
1074 1394 1214 1468 solebas.

370 1519 459 1586 Huic
477 1515 571 1584 dabis
588 1517 761 1608 exsequias
779 1529 902 1606 :atque
920 1515 1008 1584 inter
1021 1517 1113 1610 justa
1128 1539 1315 1612 memento,

371 1640 423 1708 Ne
438 1638 513 1731 quis
529 1637 709 1731 inexpertis
726 1636 860 1704 hebetet
876 1661 951 1705 mea
971 1634 1038 1706 teia
1054 1637 1204 1730 lacertis,

370 1759 587 1852 Dilectnsque
604 1783 703 1830 canes
721 1754 797 1826 ullis
813 1772 890 1852 agat
905 1757 1049 1853 amplius
1067 1765 1183 1832 nutris.
1294 1780 1300 1791 “

370 1885 449 1951 Haee
466 1895 575 1950 nutem
590 1879 707 1973 primis
722 1903 815 1948 arma
833 1876 977 1948 infelicia
993 1885 1110 1951 castris

303 2085 309 2098 ι
371 2004 461 2094 Ure,
480 2001 531 2072 vel
549 2003 686 2096 ingrate
702 2025 824 2072 munus
838 2001 1002 2096 suspende
1018 2004 1144 2076 Dinnae.
1155 2037 1173 2072 ι)
