2934 4950
73 455 90 502 tv
106 451 144 496 nl
411 441 602 498 SILVARUM
623 442 732 500 LIBER
753 445 775 498 1.
1079 466 1115 516 27

73 565 252 635 Sollicitare
269 568 365 660 juvat
385 591 393 632 :
416 565 533 658 procul
552 566 645 655 hinc,
667 578 699 634 et
719 566 813 636 fonte
831 566 947 637 doloso

73 686 242 785 Salmacis,
261 702 295 756 et
316 687 423 756 viduae
444 686 648 758 Cebrenidos
669 687 763 757 arida
783 687 875 757 luctu

71 799 237 896 llumina,
259 822 292 877 et
313 806 467 880 Herculei
487 808 664 903 praedatrix
684 809 779 878 cedat
797 808 934 878 alumni.

106 931 177 999 Vos
199 930 285 1000 mihi
307 955 379 1024 quaa
398 932 547 1018 Latium,
567 945 769 1026 septenaque
785 930 930 1000 culmina
950 932 1115 1026 Nympha

71 1049 231 1138 Incolitis,
253 1051 457 1145 Tybrimque
477 1054 570 1122 novis
589 1049 740 1120 attollitis
759 1052 872 1138 undis,

71 1170 157 1258 Quas
178 1194 327 1265 praeceps
346 1173 470 1260 Anien,
490 1186 589 1266 atque
608 1187 787 1268 exceptura
805 1187 937 1242 natatus

72 1292 169 1385 Virgo
185 1293 303 1385 jurat,
322 1294 514 1386 Marsasque
531 1294 623 1362 nives
643 1307 675 1361 et
695 1292 820 1388 frigora
840 1292 962 1361 ducens

72 1412 207 1496 Marcia,
228 1409 391 1506 praecelsis
412 1437 554 1506 quarum
572 1437 655 1508 vaga
673 1410 818 1481 molibus
838 1410 929 1481 unda

72 1532 215 1620 Crescit,
236 1545 270 1600 et
289 1533 465 1602 innumero
485 1532 631 1627 pendens
650 1533 887 1602 transmittitur
904 1556 998 1618 arcu,

72 1652 226 1722 Vestrum
238 1675 324 1746 opus
335 1650 562 1746 aggredimur3
572 1666 680 1722 vestra
691 1667 740 1722 est
753 1677 853 1745 quam
862 1653 1009 1722 carmine
1018 1651 1112 1721 molli

72 1771 183 1840 Pando
200 1770 331 1842 domus.
351 1773 430 1841 Non
451 1797 598 1868 unquam
617 1771 689 1842 aliis
706 1773 877 1843 habitastis
897 1774 931 1842 in
952 1776 1055 1844 antris

72 1892 177 1959 Ditius
196 1919 204 1958 :
225 1893 298 1986 ipsa
317 1917 435 1962 manus
455 1894 561 1962 tenuit
579 1893 746 1987 Cytherea
762 1895 887 1980 mariti,

74 2013 335 2106 Monstravitque
352 2027 439 2082 artes
460 2039 468 2082 τ
490 2038 557 2083 neu
574 2012 648 2083 vilis
668 2013 801 2084 flamma
821 2017 968 2085 caminos

74 2133 203 2218 Ureret,
224 2133 297 2228 ipsa
314 2133 402 2204 faces
420 2131 594 2203 volucrum
615 2134 784 2205 succendit
804 2139 975 2216 Amorum.

74 2253 146 2320 Non
165 2253 234 2323 huc
251 2251 400 2324 admissae
418 2254 558 2342 Thasos,
579 2269 637 2324 aut
655 2255 784 2324 undosa
802 2257 977 2350 Carystos3

75 2373 188 2442 Moeret
205 2399 297 2468 onyx
315 2373 429 2470 longe,
446 2376 664 2470 queriturque
683 2373 834 2445 exclusus
852 2377 983 2471 ophites
1003 2404 1011 2445 :

75 2493 146 2563 Sola
164 2496 250 2565 nitet
269 2495 362 2565 llavis
381 2496 571 2567 Nomadum
591 2496 698 2566 decisa
717 2496 857 2565 metallis

76 2616 237 2710 Purpura,
255 2613 325 2684 sola
344 2641 426 2685 cavo
446 2617 595 2712 Phrygiae
616 2642 715 2710 quarn
736 2615 908 2710 Synnados
925 2630 1023 2685 antro

75 2736 143 2827 lpse
160 2736 350 2803 cruentavit
369 2734 505 2805 maculis
525 2734 703 2805 liventibus
722 2740 844 2829 Attys:

74 2854 227 2947 Quasque
243 2857 351 2948 Tyrus
369 2856 480 2925 niveas
499 2870 602 2944 secat,
621 2870 654 2924 et
674 2855 809 2924 Sidonia
829 2879 939 2949 rupes.

74 2975 135 3042 Vix
150 2973 245 3043 locus
265 2978 413 3063 Eurotae,
430 2974 545 3044 viridis
564 3000 668 3069 quum
688 2973 802 3068 regula
822 2973 922 3069 longo

76 3094 226 3187 Synnada
245 3094 404 3164 distinctu
423 3097 538 3163 variat.
560 3096 639 3164 Non
658 3092 775 3163 limina
794 3109 938 3183 cessant,

74 3212 239 3309 Effirlgent
259 3239 412 3301 camerae,
431 3215 524 3283 vario
544 3200 674 3308 fastigia
692 3215 779 3282 vitro

75 3337 111 3402 ln
127 3336 251 3429 species
271 3322 464 3428 animosque
482 3336 600 3403 nitent.
621 3336 740 3429 Stupet
757 3334 827 3428 ipse
844 3335 956 3403 beatas

76 3453 324 3549 Circumplexus
341 3478 438 3548 opes,
459 3467 492 3522 et
512 3454 643 3549 parcius
663 3455 805 3547 imperat
824 3455 919 3549 ignis.

75 3574 196 3644 lllultus
213 3575 340 3669 ubique
358 3574 443 3661 dies,
463 3573 565 3642 radiis
584 3572 641 3641 ubi
659 3572 806 3642 culmina
825 3576 902 3642 totis

75 3695 234 3783 Perforat,
253 3710 354 3790 atque
372 3693 438 3764 alio
458 3692 506 3765 sol
526 3694 697 3788 improbus
716 3694 827 3762 uritur
844 3708 934 3763 aestu.

76 3813 126 3882 Nil
146 3816 190 3883 ibi
210 3814 379 3911 plebeium
401 3840 409 3883 :
429 3839 594 3909 nusquam
614 3818 779 3883 Temesaea
799 3813 929 3882 notabis

76 3936 161 4021 AEra;
180 3934 238 4005 sed
257 3949 398 4031 argento
418 3933 494 4004 felix
515 3932 712 4030 propellitur
732 3933 839 4020 unda,

77 4056 281 4149 argentoque
300 4055 411 4143 cadit,
431 4052 596 4149 labrisque
615 4054 797 4123 nitentibus
819 4056 918 4123 instat

429 4584 730 4665 quttttutnczri‘
761 4577 767 4652 ,’

437 4668 446 4692 ,Χ
563 4670 603 4706 a:
757 4661 761 4675 .
