2934 4950
98 493 122 546 Iv-
133 489 187 543 ua)
434 477 627 534 smmum
648 479 758 534 LIBER
780 481 800 533 l.

12 623 13 686 ξ
94 607 232 701 Excepi,
252 606 389 699 fovique
404 607 497 692 sinu;
514 629 575 673 nec
594 602 679 674 colla
697 630 865 699 genasque

96 729 251 816 Comere,
269 752 332 804 nec
348 727 466 822 pingui
487 728 612 794 crinem
634 724 798 794 deducere
815 749 948 794 amomo

95 851 244 918 Cossavit
262 873 354 936 mea,
374 860 468 934 uate,
486 871 604 916 manus
624 873 631 914 :
654 846 737 915 mihi
754 843 859 914 dulcis
878 847 988 941 imago

94 966 263 1037 Prosiluit.
282 965 386 1036 Celsae
402 965 520 1060 procul
540 967 649 1060 aspice
667 965 787 1034 frontis
802 965 962 1052 honores,

96 1090 364 1182 Suggestumque
379 1111 501 1172 comae3
520 1087 632 1155 latias
649 1086 768 1156 metire
785 1086 867 1181 quid
885 1085 974 1155 ultra

95 1210 249 1277 Emineat
266 1222 410 1280 matres:
426 1221 588 1300 quantum
602 1208 745 1276 Latonia
760 1206 924 1300 nymphas

94 1330 199 1424 Vugo
216 1329 363 1423 premit,
383 1342 612 1423 quantumque
628 1339 759 1424 egomet
777 1325 941 1398 Nereidas
957 1338 1059 1401 meta.

95 1452 171 1518 Haec
187 1463 221 1517 et
239 1447 389 1518 caeruleis
406 1473 538 1518 mecum
558 1473 759 1543 consurgere
778 1445 879 1542 digna
1008 1437 1084 1462 V

95 1567 282 1653 Fluctibus,
301 1581 336 1637 et
355 1582 470 1637 nostra
488 1570 597 1662 potuit
617 1566 790 1639 considere
807 1565 936 1636 concha
957 1592 965 1634 :

95 1693 134 1759 Et
151 1690 178 1758 si
195 1688 411 1758 flammiferas
428 1689 588 1782 potuisset
603 1687 761 1758 scandere
780 1685 888 1776 sedes,

97 1814 229 1906 llnsque
252 1810 379 1878 intrare
393 1807 528 1896 domos,
544 1810 608 1903 ipsi
622 1809 793 1895 erraretis,
811 1810 962 1877 Amores.

96 1933 179 2000 Huic
197 1931 354 2023 quamvis
370 1953 489 1998 census
505 1927 653 1999 dederim
670 1927 790 2023 largita
803 1928 933 2014 beatos,

97 2051 207 2119 Vmcit
225 2073 308 2143 opes
325 2049 438 2118 animo
457 2074 465 2117 ε
486 2050 638 2142 queritur
651 2049 721 2142 jam
739 2050 836 2116 Seras
856 2070 973 2116 avaros

97 2171 289 2264 Augustum
305 2166 462 2261 spoliasse
478 2193 610 2256 nemus,
628 2167 875 2262 Clymeneaque
893 2165 1007 2236 deesse

97 2291 277 2376 Germina,
295 2314 357 2357 nec
372 2289 493 2358 virides
509 2291 586 2358 satis
603 2287 810 2381 illacrymare
827 2313 957 2358 sorores
976 2313 983 2354 :

97 2406 234 2479 Vellera
248 2407 389 2480 Sidonio
402 2410 472 2504 jam
491 2433 595 2504 pauca
614 2408 787 2479 rubescere
807 2409 912 2496 tabo,

101 2532 254 2623 Raraque
269 2528 428 2623 longaevis
446 2530 577 2599 nivibus
595 2528 749 2623 crystalla
768 2529 881 2623 gelari.

100 2650 181 2719 Huic
197 2654 379 2738 Hermum,
396 2648 553 2743 fulvoque
568 2653 696 2744 Tagum
713 2649 889 2717 decurrere
906 2646 1002 2733 limo,

104 2762 186 2857 luae
203 2772 284 2839 satis
300 2768 343 2838 ad
358 2768 487 2863 cultus)
502 2770 578 2841 huic
595 2768 679 2838 Inda
695 2767 835 2846 monilia
849 2766 1036 2855 Glaucum,

98 2891 300 2983 Proteaque,
316 2904 417 2984 atque
436 2914 570 2960 omnem
587 2890 733 2960 Nereida
750 2913 897 2983 quarere
909 2889 1001 2983 jussi.

101 3012 194 3080 Ranc
209 3012 239 3080 si
254 3008 459 3081 Thessalicos
473 3010 629 3099 vidisses,
645 3010 785 3098 Phoebe,
804 3034 866 3104 per
884 3033 1002 3104 agros,

101 3131 237 3199 Erraret
252 3132 397 3226 Daphne
414 3154 556 3200 secura:
578 3132 613 3199 in
632 3130 729 3200 litore
748 3132 836 3203 Naxi

102 3250 264 3320 Theseum
279 3254 374 3345 juxta
388 3250 475 3320 foret
492 3251 563 3321 haec
582 3266 759 3345 conspecta
774 3250 904 3339 cubile,

103 3369 250 3439 Gnosida
265 3369 428 3441 desertam
450 3370 609 3466 profugus
625 3369 775 3465 liquisset
789 3386 823 3441 et
840 3375 944 3441 Evan.

104 3489 203 3579 Quod
218 3490 283 3560 nisi
297 3516 353 3559 me
367 3488 476 3585 longis
493 3489 654 3584 placasset
669 3494 689 3560 J
691 3516 758 3560 uno
778 3488 937 3585 ‹prerelis,

104 3606 215 3679 Falsus
230 3610 310 3680 huic
324 3634 453 3705 pennas
469 3622 504 3679 et
519 3633 645 3680 cornua
661 3624 807 3680 sumeret
822 3611 933 3679 aethrae

104 3731 236 3818 Rector,
255 3729 289 3799 in
306 3730 395 3800 hano
409 3754 489 3799 vero
504 3728 674 3800 cecidisset
686 3733 818 3825 Jupiter
832 3754 925 3799 auro.

105 3848 166 3917 Sed
183 3848 317 3920 dabitur
329 3851 464 3945 juveni,
480 3850 536 3921 wcui
553 3865 604 3939 tu,
621 3876 694 3919 mea
711 3876 841 3921 summa
859 3864 1018 3945 potestas,

108 3966 204 4057 Nate,
219 3973 313 4066 cupis
330 3996 339 4039 ε
358 3968 496 4040 thalami
513 3974 664 4065 quamvis
676 3974 757 4067 juga
775 3971 862 4041 ferre
880 3970 1017 4040 secundi

112 4083 197 4181 Saepe
211 4106 309 4188 neget
322 4114 467 4163 moerens
483 4117 491 4159 ε
514 4092 616 4185 ipsam
632 4094 701 4186 jam
718 4092 835 4161 cedere
852 4093 955 4177 sensi,
