2934 4950
347 453 401 521 194
647 439 864 498 meamne
885 437 1000 496 LIBER
1020 442 1056 498 x.
1272 442 1306 502 (v.
1318 439 1379 500 oa.)

298 599 302 616 ·
342 576 443 645 Nunc
460 569 595 640 humilia
613 589 727 666 genua·
738 567 960 664 amplectens,
976 580 1069 640 nunc
1088 593 1150 638 ora
1166 568 1317 638 canentia

206 761 213 772 ,
343 694 575 789 Nequicquam
592 694 733 762 reticere
751 706 849 789 rogat
868 719 876 760 ε
892 692 962 786 jam
979 691 1068 761 fama
1083 705 1250 761 sacratam

343 821 471 888 Vocem
486 812 639 908 amplexa
653 812 763 903 volat,
779 813 992 908 clamantque
1008 812 1146 884 oracula
1160 813 1296 882 Thebae.

307 942 309 950 ’
392 940 512 1023 Nunc,
526 960 603 1032 age,
621 937 696 1031 quis
710 934 863 1006 stimulos
880 950 914 1006 et
930 934 1080 1032 pulchrae
1098 935 1221 1032 gaudia
1233 934 1351 1004 mortis

341 1057 521 1131 Addiderit
536 1058 652 1152 juveni
675 1057 805 1154 (neque
827 1058 917 1128 enim
938 1059 1010 1128 haec
1029 1057 1225 1127 absentibus
1246 1079 1385 1149 unquam
1441 1126 1442 1157 p

343 1183 441 1251 Mens
455 1181 584 1251 homini
603 1181 795 1252 transmissa
814 1178 910 1276 Deis)
927 1205 1058 1251 memor
1076 1168 1189 1275 incipe
1204 1177 1297 1266 Clio,
1441 1218 1442 1247 r

344 1301 472 1372 Saecula
491 1317 524 1372 te
542 1305 703 1398 quoniam
723 1327 827 1398 penes
845 1315 879 1372 et
898 1301 1027 1399 digesta
1045 1316 1204 1371 vetustas.

393 1425 481 1496 Diva
495 1425 587 1494 lovis
604 1421 689 1493 solio
706 1424 804 1518 juxta
818 1447 946 1513 comes,
965 1423 1057 1493 unde
1070 1447 1131 1518 per
1149 1421 1266 1492 orbem

344 1551 436 1618 Rara
454 1546 547 1632 dari,
571 1546 736 1639 terrisque
754 1543 839 1614 solet
850 1545 1052 1641 <contingere
1078 1545 1205 1630 virtus3
1441 1556 1442 1637 l

346 1672 413 1739 Seu
431 1683 527 1764 pater
544 1668 759 1762 omnipotens
777 1668 912 1754 tribuit,
930 1668 1000 1737 sive
1020 1669 1093 1763 ipsa
1110 1690 1250 1761 capaces

343 1788 456 1885 Elegit
474 1803 649 1885 penetrare
666 1790 775 1879 viros,
793 1788 982 1862 coelestibue
997 1802 1036 1858 ut
1054 1814 1146 1859 nunc
1242 1824 1245 1827 ·

345 1909 490 1984 Desiluit
505 1913 618 2008 gavisa
633 1909 740 2007 plagis
759 1937 768 1980 τ
785 1910 868 1980 dant
884 1910 975 1982 clara
991 1912 1118 1980 meanti
1441 1888 1442 1951 l

344 2039 444 2104 Astra
460 2031 592 2120 locum,
607 2057 759 2128 quosque
775 2035 846 2128 ipsa
864 2032 950 2128 polis
964 2033 1116 2103 affixerat
1133 2034 1239 2129 ignes.
1441 2112 1442 2119 p

263 2160 265 2166 ’
345 2160 487 2252 Jamque
506 2159 631 2253 premit
648 2171 773 2244 terrae,
791 2179 855 2224 nec
874 2152 986 2225 vultus
1006 2157 1049 2225 ab
1068 2155 1191 2226 ethere
1209 2153 1321 2250 longe
1441 2182 1442 2185 ¹

346 2278 411 2349 Sed
427 2276 554 2375 placuit
571 2292 702 2348 mutare
721 2301 823 2372 genas
841 2302 850 2346 τ
869 2276 907 2347 fit
923 2276 1064 2372 provida
1080 2279 1216 2366 Manto,
1441 2264 1442 2275 ¹

343 2401 527 2495 Responsis
543 2414 581 2468 ut
601 2397 704 2495 plana
720 2399 824 2486 fides,
845 2413 879 2469 et
896 2399 1014 2469 fraude
1034 2400 1164 2496 priores

345 2524 493 2595 Eruitur
510 2520 622 2593 vultus
639 2548 648 2593 ε
668 2522 752 2591 abiit
769 2523 959 2616 horrorque
979 2524 1142 2618 rigorque

346 2648 399 2733 Ex
414 2645 536 2733 oculis,
552 2643 703 2741 paullum
719 2644 851 2715 decoris
867 2647 1068 2741 permansit,
1087 2645 1263 2739 honosque

347 2765 501 2853 Mollior,
520 2782 554 2837 et
571 2770 682 2869 posito
700 2783 815 2838 vatum
833 2769 1024 2865 gestamina
1037 2767 1127 2837 lerro

347 2888 513 2960 Subdita:
534 2890 744 2964 descendunt
758 2905 884 2981 vestes,
902 2892 1075 2985 torvisque
1089 2888 1218 2986 ligatur
1268 2944 1275 2955 .

347 3012 442 3099 Vitta
459 3012 675 3099 comanam
697 3010 812 3082 laurus
829 3028 918 3101 erat3
936 3026 1050 3082 tamen
1066 3035 1185 3107 aspera
1200 3008 1346 3106 produnt
1441 3005 1442 3014 ’

347 3137 418 3204 Ora
430 3137 555 3220 Deam,
571 3133 733 3228 nimiique
750 3133 873 3229 gradus
890 3159 899 3203 ε
917 3135 965 3205 sic
980 3132 1088 3229 Lydia
1104 3132 1229 3227 conjux
1441 3109 1442 3164 l

348 3254 671 3349 Amphitryoniaden
688 3270 828 3341 exutum
841 3257 1015 3326 horrentia
1029 3271 1124 3351 terga

347 3374 491 3446 Perdere
509 3375 665 3447 Sidonios
684 3378 834 3447 humeris
853 3377 984 3449 ridebat
1004 3378 1166 3465 amictus,
1261 3380 1264 3384 ’

347 3499 392 3566 Et
407 3498 543 3567 turbare
557 3497 667 3588 colus,
686 3513 719 3575 et
736 3513 896 3596 tympana
911 3510 1072 3598 rumpere
1085 3501 1213 3571 dextra.
1441 3577 1442 3596 χ

397 3619 465 3691 Sed
482 3644 592 3717 neque
609 3637 644 3693 te
664 3621 856 3694 indecorem
877 3625 998 3716 sacris,
1018 3624 1225 3720 dignumque
1238 3618 1343 3719 juberi

347 3740 456 3830 Talia,
474 3745 606 3813 Dircaea
626 3758 773 3820 stantem
790 3771 853 3841 pro
869 3762 982 3836 turre,
999 3750 1194 3837 Menoeceu,

347 3866 481 3935 Invenit
496 3890 504 3933 z
522 3850 690 3937 immensae
705 3883 852 3940 reserato
868 3867 984 3950 limine
997 3875 1107 3965 ,porta

347 3986 526 4056 Steruebas
543 3989 679 4059 Danaos
699 4016 708 4059 ε
727 3991 855 4085 pariter
870 3991 1059 4062 Mavortius
1074 3994 1225 4062 Haemon.

349 4106 415 4193 Sed
428 4111 668 4207 consanguinei
687 4114 856 4206 quamvis,
870 4127 977 4216 atque
987 4113 1101 4186 omnia
1114 4113 1248 4202 unua,
