2934 4950
402 412 457 467 130
700 417 913 479 amamus
932 416 1042 473 uuna
1062 416 1140 473 vllt.
1323 412 1413 475 (stit.)

398 544 613 611 Concurrunt
627 567 687 636 per
703 542 803 614 inane
817 541 930 628 sudes,
948 556 981 611 et
997 556 1114 610 mutua
1127 539 1273 635 perdunt

397 661 561 751 Vulnera,
575 677 782 735 concurrunt
795 663 914 746 basta,
927 661 1101 732 stridentia
1113 660 1225 731 limdae

397 786 481 854 Saxa
495 783 632 878 pluunt,
649 782 800 856 volucres
813 786 989 853 imitantur
1001 782 1138 877 fulgura
1151 780 1302 877 glandes,

396 909 439 975 Et
451 904 669 979 formidanda
683 930 751 975 non
766 928 833 973 una
847 918 955 973 morte
967 904 1106 999 sagittae.

394 1030 466 1099 Nec
482 1027 573 1097 locus
590 1028 634 1097 ad
648 1042 774 1097 terram
789 1024 862 1097 telis
877 1052 887 1096 z
901 1028 937 1095 in
949 1050 1093 1121 corpora
1105 1026 1232 1097 serrum

397 1151 507 1218 Omne
520 1148 609 1218 cadit
623 1176 631 1217 ε
646 1174 732 1243 eaepe
746 1148 856 1244 ignari
869 1148 1121 1241 perimuntque,
1134 1146 1342 1239 caduntque;

394 1272 498 1339 Casus
513 1272 581 1365 agit
594 1270 739 1339 Virtutis
752 1293 838 1364 opus
853 1294 861 1335 :
876 1293 968 1339 nunc
982 1268 1082 1337 turba
1094 1266 1237 1355 recedit,

395 1392 496 1461 Nunc
509 1392 645 1486 premit,
659 1417 699 1461 ac
713 1392 842 1462 vicibus
854 1388 1007 1461 tellurem
1021 1390 1160 1474 auuttit,
1176 1405 1212 1458 et
1225 1387 1340 1458 aufert

445 1515 491 1581 Ut
505 1513 611 1581 ventis
626 1513 814 1605 nimbisque
827 1512 942 1579 minax
954 1535 1058 1605 quum
1072 1509 1172 1581 solvit
1185 1510 1330 1579 lnbenm

392 1634 562 1727 luppiter,
576 1634 758 1728 affligitque
771 1614 902 1703 alterno
920 1632 1054 1703 turbine
1069 1632 1249 1722 mundum,

393 1758 468 1825 Stat
481 1754 554 1825 coeli
570 1755 702 1826 diversa
715 1757 817 1844 acies,
831 1779 924 1825 nunc
937 1754 1057 1825 fortior
1069 1757 1201 1841 Austri,

318 1966 321 1971 Ι
393 1877 493 1946 Nunc
506 1875 682 1969 Aquilonis
697 1877 818 1958 biems,
832 1875 939 1947 donec
953 1890 1124 1971 pugnante
1137 1872 1285 1971 procella

393 1998 462 2066 Aut
475 1998 588 2066 nimiis
602 1998 657 2066 hic
671 2000 751 2067 vicit
763 1998 877 2091 aquis,
890 2010 950 2067 aut
964 1995 1019 2067 ille
1031 2021 1161 2068 sereno

442 2119 649 2212 Principium
667 2144 788 2213 pugnae
806 2133 932 2189 turmas
949 2120 1094 2214 Asopius
1110 2122 1264 2213 Hypseus

324 2314 329 2319 ,
392 2237 571 2327 OEbalias,
592 2264 737 2333 namque
753 2240 806 2309 hae
823 2262 983 2335 magnum
1000 2252 1035 2309 et
1051 2238 1175 2335 gentile
1190 2254 1352 2311 tumentes

394 2360 581 2429 Euboicum
599 2359 692 2429 duris
711 2375 874 2455 rumpunt
890 2360 1095 2431 umbonibus
1113 2384 1252 2455 agmen,

393 2480 556 2575 Reppulit
574 2496 688 2576 erepto
707 2483 805 2552 cunei
824 2481 963 2552 ductore
981 2481 1147 2552 Menalca

392 2602 455 2670 Hic
474 2615 507 2669 et
523 2616 632 2670 mente
649 2605 782 2689 Lacon,
802 2601 899 2672 cnidi
919 2605 1077 2673 torrentis
1093 2601 1269 2686 alumnus,
1339 2595 1342 2599 ’

391 2725 463 2792 Nec
482 2725 630 2816 turpavit
649 2747 748 2809 avos,
768 2724 899 2793 hastam
919 2727 1007 2794 intra
1024 2739 1140 2819 pectus
1159 2739 1315 2812 euntem,

390 2845 442 2914 Ne
461 2841 572 2938 pudor
589 2846 624 2912 in
645 2859 759 2940 tergo,
777 2870 837 2940 per
854 2860 887 2914 et
905 2870 981 2915 ossa
998 2860 1034 2914 et
1049 2848 1177 2915 viscera
1194 2860 1286 2914 retro

389 2965 561 3052 Extrahit,
579 2979 681 3058 atque
699 2966 789 3034 hosti
807 2966 923 3035 dextra
940 2966 1073 3037 labente
1090 2967 1230 3036 remittit

389 3085 612 3180 Sanguineam
634 3110 642 3155 z
664 3085 785 3157 dilecta
802 3089 897 3182 genis
914 3089 1090 3158 morientis
1108 3088 1272 3158 oberrant

388 3209 554 3300 Taygeta,
572 3222 605 3276 et
621 3231 760 3302 pugnae,
779 3207 981 3303 laudataque
999 3209 1139 3280 verbera
1156 3211 1269 3278 naui.

435 3326 629 3397 Pbaedimon
647 3328 778 3398 Iasiden
798 3353 880 3399 arcu
897 3330 1048 3399 Dinooeus
1065 3334 1225 3421 Amyntas

390 3450 544 3518 Destinat
563 3474 570 3516 ε
591 3450 656 3519 beu
675 3448 797 3518 celeres
815 3446 941 3518 Parere!
957 3449 1029 3543 jam
1048 3447 1190 3544 palpitat
1205 3449 1295 3518 arvis

387 3568 593 3658 Phaedimus,
612 3583 646 3638 et
662 3571 745 3638 certi
765 3569 915 3639 nondum
935 3584 1024 3638 tacet
1041 3594 1139 3638 meru
1155 3573 1325 3664 Amynta..
1433 3614 1434 3633 2

386 3689 533 3760 Abstulit
549 3715 589 3760 ex
604 3691 745 3761 humero
760 3691 913 3762 dexuatn
929 3690 1134 3786 Calydonius
1150 3694 1279 3786 Agreus
1294 3703 1298 3710 “
1432 3740 1433 3789 ,

386 3811 535 3906 Phegeos
554 3838 562 3879 :
581 3809 638 3881 illa
654 3837 752 3882 suum
769 3828 859 3882 terra
875 3828 964 3882 tenet
983 3811 1137 3908 improba
1152 3812 1296 3899 fernum,
1432 3798 1433 3845 ³

385 3935 428 4000 Et
446 3946 558 4000 movet
576 3958 584 4000 :
603 3935 756 4002 extimuit
771 3959 887 4029 sparsa
904 3935 991 4003 inter
1008 3932 1074 4002 tela
1089 3934 1256 4027 jacentem

386 4051 628 4147 Progredien's,
649 4069 870 4148 truncamque
889 4070 1001 4124 tamen
1019 4053 1184 4150 percussit
1199 4059 1334 4126 Aetates.
1431 4056 1432 4063 '
