2934 4950
369 380 422 436 118
670 382 882 441 multamus
903 382 1016 439 uultu
1028 382 1108 439 vua
1301 379 1381 442 (ῑὲὄᾶ

365 510 422 577 Me
441 506 528 577 serus
545 502 693 595 Alcides,
711 522 792 577 tunc
808 528 913 601 quum
930 504 1069 577 custode
1083 517 1213 576 amoto

365 630 482 699 Ferrea
502 627 673 699 Cerbereo
691 640 867 699 tacuerunt
885 626 1001 697 limina
1015 640 1131 721 portae.
1207 694 1221 717 ,

364 747 514 842 Odrysiis
534 750 633 817 etiam
653 749 759 845 pudet
774 744 856 817 heu!
877 749 1023 842 putuisse
1040 744 1183 839 querelis

363 869 526 938 Tartara:
545 869 613 937 vidi
631 883 763 965 egomet
777 867 902 941 hianda
918 870 1004 937 inter
1020 868 1169 937 earmina
1183 879 1296 959 turpes

365 990 587 1059 Eumenidum
604 988 782 1084 lacrymas,
800 991 985 1082 iterataque
1005 1012 1109 1083 pensa
1127 1010 1293 1062 sororuna

364 1113 421 1180 Me
437 1134 572 1205 quoque
591 1138 600 1179 :
620 1110 676 1181 sed
696 1110 788 1181 durae
797 1109 924 1180 uneiior
941 1107 1100 1181 violentia
1117 1108 1208 1203 legis.

362 1234 423 1302 Ast
441 1256 504 1327 ego
520 1234 576 1300 vix
595 1255 716 1319 unum,
735 1256 798 1300 neo
813 1228 899 1303 celse
916 1229 959 1301 ad
978 1228 1106 1317 sidere,
1123 1229 1213 1298 furto

363 1354 474 1421 Ausus
493 1352 567 1440 iter,
584 1350 697 1423 Siculo
711 1354 808 1447 rapui
825 1351 994 1423 connubia
1011 1374 1155 1446 eampo:

363 1475 435 1544 Neo
454 1472 586 1543 licuisse
602 1472 729 1561 ferunt3
749 1474 945 1567 injustaque
961 1473 1005 1542 ab
1024 1474 1107 1542 Jove
1125 1469 1214 1566 leges
1305 1532 1313 1543 ,
1335 1476 1340 1485 ’
1426 1465 1431 1476 ’

363 1596 536 1683 Protinus,
556 1609 591 1665 et
608 1609 736 1665 suetum
756 1596 899 1690 genitrix
918 1595 1001 1663 mihi
1020 1564 1195 1689 oompdtet
1214 1616 1346 1661 anuum.

363 1713 429 1783 Sed
448 1714 528 1808 quid
548 1738 610 1810 ego
631 1715 724 1785 hae?
742 1718 775 1804 1,
794 1718 970 1785 Tartareas
987 1713 1147 1785 ulcisoere
1162 1713 1276 1798 sedes,

363 1835 560 1930 Tisiphone,
579 1850 629 1923 et,
647 1838 674 1904 si
692 1836 829 1930 quando
845 1837 941 1905 novis
960 1836 1141 1929 asperrima
1158 1834 1333 1917 monstris,

364 1957 491 2044 Triste,
509 1958 692 2042 insuetum,
713 1958 852 2052 ingens,
870 1956 962 2051 quod
980 1954 1132 2027 nondum
1151 1954 1273 2023 viderit
1289 1952 1389 2037 aether,

365 2075 436 2145 Ede
454 2075 561 2165 nefas,
579 2075 671 2170 quod
688 2077 791 2149 mirer
809 2101 891 2172 ego,
913 2076 1151 2168 invideantque
1167 2098 1315 2143 sorores,

366 2200 473 2289 Atque
491 2196 575 2267 adeo
591 2172 729 2286 fiatrss,
750 2198 940 2291 nostrisque
954 2198 1024 2267 heo
1040 2198 1154 2267 omino
1171 2210 1274 2265 sunto

365 2318 476 2385 Prima
493 2317 596 2405 odiis,
616 2316 737 2391 fratres
753 2316 883 2391 alterna
899 2320 935 2387 in
954 2317 1093 2387 vulnera
1110 2315 1184 2387 tato

249 2525 251 2530 Δ
367 2440 478 2507 Marte
498 2452 598 2508 ruant
616 2463 623 2506 ε
642 2438 700 2528 sit,
720 2441 777 2533 qui
796 2438 989 2516 rabidarum
1005 2462 1098 2509 more
1115 2438 1261 2508 serarum

365 2557 507 2628 Mandat
522 2574 618 2630 atrox
633 2560 755 2630 hostile
774 2577 892 2656 caput,
912 2563 1035 2654 quique
1054 2562 1131 2655 igne
1152 2584 1307 2654 supremo

366 2681 484 2750 Arceet
502 2682 686 2770 exmimes,
703 2695 737 2750 et
755 2682 909 2751 manibus
927 2683 1048 2751 aethera
1069 2681 1166 2750 nudis

367 2799 596 2873 Commsculet
611 2801 729 2895 :juret
746 2804 810 2872 istu
826 2803 932 2872 ferum
949 2817 1098 2898 spectare
1116 2805 1311 2871 Tonantem.

366 2923 528 2990 Praeterea
550 2945 591 2990 ue
608 2921 679 2990 sois
699 2921 794 2992 furor
811 2945 887 2992 mea
903 2947 1006 3019 regne
1025 2921 1180 3008 laoessat,

367 3044 489 3132 Quaere
506 3044 585 3114 Deis
605 3045 662 3137 qui
683 3043 889 3133 bellarent,
909 3046 967 3141 qui
986 3043 1134 3114 fulminis
1152 3047 1259 3138 ignes,

367 3161 594 3258 Infesturnque
609 3167 727 3234 Jovem
744 3163 863 3260 clypeo
882 3165 1032 3235 fumante
1050 3162 1197 3258 repellat

368 3286 458 3352 Faxo
476 3283 567 3356 haud
587 3285 628 3354 sit
646 3286 777 3355 cunctis
795 3284 900 3356 levior
919 3299 1044 3373 metus,
1061 3299 1134 3354 atra
1151 3309 1285 3354 movere

368 3405 523 3493 Tartara,
541 3404 708 3478 frondenti
728 3429 830 3500 quam
847 3407 986 3501 jungere
1002 3405 1117 3476 Pelion
1138 3407 1267 3475 ΟΜ.»

419 3527 578 3596 Dixerat:
595 3540 696 3619 atque
712 3525 761 3596 ilii
778 3525 977 3620 jamdudum
997 3528 1088 3621 regia
1108 3526 1210 3595 tiistis

341 3627 342 3630 Ἴ
369 3648 526 3717 Attremit
544 3648 669 3736 oranti,
688 3671 835 3742 suaque,
855 3663 891 3718 et
908 3674 982 3744 quse
1000 3647 1143 3742 desuper
1159 3661 1275 3741 urget,

370 3768 519 3840 Nutabat
537 3767 634 3840 tellus
653 3795 660 3838 ε
683 3795 753 3840 non
771 3770 891 3842 fortius
907 3773 1030 3842 athera
1047 3769 1142 3840 vultu

311 3877 313 3883 Α
370 3891 535 3984 Torquet,
554 3905 587 3960 et
602 3891 771 3962 astriferus
789 3891 927 3964 iooiinat
943 3894 1097 3988 iuppiter
1114 3915 1201 3972 ares.

420 4041 436 4074 a
448 4016 491 4081 At
508 4012 567 4080 tibi
587 4036 670 4106 quos
688 4013 838 4109 (inquit)
860 4039 991 4104 manes,
1013 4016 1070 4108 qui
1090 4012 1194 4084 limite
1214 4035 1347 4107 praeceps
