2934 4950
49 463 74 514 {¹-
86 458 130 516 ²¹·l
360 451 554 508 SILVARUM
574 451 684 508 LIBER
707 449 760 504 111?
1042 444 1078 508 83

48 583 137 674 »lbra
154 577 262 672 fides)
280 550 460 671 nigrasque
477 592 577 671 putat
592 600 786 671 properasse
802 599 943 646 sorores.

46 701 208 771 Exmltent
225 696 353 793 placidi
370 698 505 767 lethaea
523 698 565 766 acl
586 698 724 767 flumina
742 721 872 784 manes3
926 732 1014 744 -‘-

45 824 151 917 Elysia
166 820 318 918 gaudete
331 819 469 906 dnmns3
487 819 563 889 date
581 833 668 888 serta
684 843 746 913 per
760 843 853 906 aras,

44 951 197 1038 Festaque
217 940 384 1037 pallentes
397 939 541 1010 hilarent
556 939 674 1010 altaria
689 939 791 1010 lucos.

85 1065 191 1151 Felix,
203 1059 289 1132 beu!
309 1061 450 1130 nimium
467 1059 561 1146 felix,
572 1059 772 1155 plorataque
787 1077 868 1131 nato

43 1187 168 1262 [mbra
187 1184 293 1254 venit.
315 1185 432 1276 Longe
447 1181 623 1250 Furiarum
639 1181 752 1264 sibila,
774 1181 871 1277 longe

43 1307 261 1403 Tergeminus
279 1319 390 1374 custos
411 1329 420 1371 τ
442 1304 575 1396 penitus
592 1305 645 1372 via
665 1302 766 1399 longa
780 1319 928 1399 patescat

43 1428 201 1498 Manibus
217 1426 359 1520 egregiis
377 1450 385 1492 :
402 1439 472 1511 eat,
489 1402 763 1518 bornendnmque
780 1425 906 1496 silentis

42 1548 193 1618 Accedat
209 1546 336 1614 domini
353 1542 489 1632 solium,
509 1559 684 1639 gratesque
702 1571 872 1640 supremas

43 1669 208 1755 Perierat,
226 1680 261 1736 et
274 1663 413 1735 totidem
428 1649 542 1758 juveni
555 1679 650 1760 roget
666 1668 784 1736 anxius
797 1692 911 1738 annos.

91 1792 204 1857 Macte
219 1787 280 1881 pio
294 1782 434 1882 gemitu!
455 1767 607 1854 dabimus
628 1785 746 1856 solatia
765 1785 874 1883 dignis

42 1910 223 1997 Luctibus,
240 1909 432 2000 Aoniasque
449 1921 508 1975 tuo
523 1907 725 1977 sacrabimus
746 1906 835 1977 ultro

44 2031 198 2116 Inferias,
214 2031 369 2114 Etrusca,
390 2029 469 2096 seni.
487 2029 540 2096 Tu
558 2026 670 2122 largus
685 2031 754 2099 an

47 2153 226 2236 Germina,
239 2165 277 2218 tu
292 2173 415 2218 messes
431 2147 641 2242 Cilicumque
656 2150 872 2243 Arabumque
890 2152 1039 2246 superbis

48 2277 162 2369 Merge
178 2273 296 2366 rogis:
317 2270 402 2339 serat
422 2268 509 2364 ignis
526 2293 606 2362 opes
623 2267 779 2358 baeredis,
799 2285 833 2339 et
851 2269 918 2339 alto

46 2399 175 2488 Aggere
191 2393 326 2461 missuri
343 2389 449 2460 nitido
464 2391 519 2485 pia
534 2389 649 2458 nubila
666 2389 750 2458 coelo

48 2516 222 2607 stipentur
238 2515 368 2583 cineres
384 2538 393 2580 ε
411 2537 473 2581 nos
491 2537 560 2581 non
576 2531 694 2581 arsum
713 2511 857 2581 feremus

45 2638 199 2723 Munera3
219 2648 447 2727 venturosque
465 2648 543 2703 tuus
559 2633 694 2703 durabit
711 2633 746 2701 in
767 2657 888 2721 annos,
974 2708 976 2717 ,

47 2758 100 2825 lle
115 2768 344 2841 monstrante,
357 2752 474 2824 dolor:
493 2754 705 2849 nequeenim
723 2754 806 2823 mihi
823 2754 901 2824 llere
918 2770 1086 2849 parentem

46 2880 221 2971 quotum,
237 2892 273 2946 et
289 2874 412 2947 similes
430 2878 541 2972 gemui
559 2876 728 2971 projectus
744 2876 785 2959 ad
804 2878 905 2973 ignes.
993 2868 997 2876 ⁵

43 2997 99 3067 Ille
117 3000 207 3069 mibi
227 3014 287 3069 tua
304 2996 426 3067 darum
441 2996 510 3067 dies
527 3023 732 3093 compescere
747 3013 847 3067 cantu

44 3120 184 3208 Suadet;
205 3136 243 3190 et
258 3121 329 3213 ipse
342 3116 423 3205 tuli,
439 3142 521 3212 quos
538 3142 626 3187 nunc
642 3119 702 3187 tibi
723 3118 875 3209 confero,
897 3136 1041 3214 questus.

85 3242 167 3309 Non
185 3241 253 3309 tibi
273 3238 362 3308 clara
380 3236 532 3332 quidem,
553 3226 666 3307 senior
678 3236 915 3334 placidissime,
935 3242 1041 3336 gentis

41 3358 160 3451 Linea,
179 3386 248 3430 nec
262 3360 395 3455 proavis
413 3357 591 3428 demissum
610 3374 766 3447 stemma3
783 3359 839 3429 sed
857 3361 972 3456 ingens

41 3478 374 3575 SupplevitFortuna
390 3504 512 3576 genus,
530 3480 728 3576 culpamque
747 3498 922 3577 parentum

40 3600 204 3672 Occuluit
224 3630 232 3672 :
254 3604 464 3697 nequeenim
480 3599 631 3671 dominos
649 3602 690 3673 de
707 3602 803 3698 plebe
819 3604 944 3693 tulisti3

39 3718 100 3787 Sed
119 3724 253 3817 quibus
271 3728 404 3794 occasus
424 3722 548 3821 pariter
565 3722 770 3795 famulantur
788 3741 821 3795 et
840 3740 943 3796 ortus.

40 3838 108 3907 Nec
123 3844 244 3937 pudor
259 3847 321 3915 iste
335 3846 420 3915 tibi:
437 3845 519 3940 quid
536 3846 622 3915 enim
641 3847 802 3941 terrisque
816 3844 974 3942 poloque*

41 3958 186 4033 Parendi
205 3968 274 4037 sine
290 3966 363 4061 lege
378 3966 510 4037 manet?
527 3967 597 4035 vice
612 3980 731 4036 cuncta
747 3980 922 4061 reguntur,

45 4076 255 4182 Alternisque
270 4101 394 4183 regunt
414 4114 422 4155 :
440 4088 583 4182 propriis
599 4088 660 4155 sub
677 4086 807 4177 regibus
823 4088 930 4155 omnis

913 4206 945 4275 6.
