2934 4950
55 443 83 505 (s.
94 443 160 508 ω.)
365 439 579 498 runaamos
598 441 708 498 anau
728 441 765 499 v.
1022 509 1024 514 ,
1053 449 1089 510 lt

53 573 224 664 Exsanguc
241 567 435 662 imperium,
454 580 489 636 et
506 582 658 637 moestam
674 568 746 637 sine
762 564 908 637 culmine
928 569 1092 636 Lemnon.

95 693 195 760 elam
211 689 319 784 magis
336 701 436 782 atque
452 689 558 784 magis
575 687 690 783 vigiles
708 687 805 758 dolor
823 711 944 784 angere
961 711 1094 778 sensus,

52 813 93 880 Et
107 810 249 907 gemitus
266 807 366 897 clari,
384 823 420 878 et
436 807 611 903 paullatim
629 811 736 878 invisa
753 807 897 903 Polyxo,

52 936 119 1002 lam
136 932 326 1002 meminisse
342 928 435 1000 nefas
455 955 463 998 :
479 930 552 1024 jam
570 954 694 1025 ponere
713 929 872 999 Manibus
891 954 965 999 aras

52 1027 265 1140 Concessum,
281 1067 315 1122 et
331 1049 474 1121 multum
490 1053 617 1122 cineres
631 1053 748 1145 jurare
764 1049 917 1146 sepultos

53 1175 104 1244 Sic
118 1175 178 1244 ubi
195 1173 367 1244 ductorem
384 1173 526 1270 trepidae
538 1172 728 1268 stabulique
745 1175 920 1264 maritum,

52 1298 155 1386 Quem
173 1319 276 1390 penes
293 1309 328 1363 et
346 1293 448 1364 saltus
465 1310 499 1364 et
517 1294 638 1364 adultze
655 1293 763 1390 gloria
782 1295 906 1390 gentis,

52 1412 193 1509 Massylo
211 1414 322 1510 frangi
338 1429 498 1510 stupuere
515 1416 577 1485 sub
595 1416 692 1486 hoste
707 1415 876 1510 juvencae,

52 1539 81 1603 lt
93 1552 253 1608 truncum
269 1537 342 1606 siue
357 1536 486 1608 bonore
502 1562 621 1633 pecus,
638 1561 820 1633 regemque
838 1551 1023 1632 peremtum

53 1663 122 1754 lpse
137 1683 233 1754 ager,
250 1658 313 1753 ipsi
331 1681 461 1746 amnes,
476 1671 510 1728 et
525 1674 618 1729 muta
634 1672 786 1727 armenta
800 1662 996 1754 queruntur.

95 1779 212 1849 «Ecce
231 1793 342 1848 autem
358 1792 459 1848 erata
475 1775 652 1873 dispellens
669 1802 805 1872 aequora
821 1803 923 1873 prora

54 1898 156 1970 Pelias
174 1900 291 1969 intacti
308 1896 375 1969 late
392 1899 483 1970 subit
493 1899 634 1994 ¹hospita
652 1902 750 1996 ponti
867 1978 870 1986 ¹

54 2024 151 2093 Pinus
172 2047 180 2090 :
202 2036 308 2118 agunt
321 2021 445 2116 Minyae
464 2047 473 2092 ε
493 2022 645 2118 geminus
663 2021 778 2119 fragor
796 2023 900 2094 ardua
918 2039 1015 2096 canet

54 2146 112 2214 Per
128 2141 253 2232 latera3
271 2141 449 2240 abruptam
467 2141 584 2213 medas
602 2140 771 2215 radicibus
790 2145 838 2213 ire

56 2266 245 2362 Ortygiam,
263 2279 324 2334 aut
341 2262 484 2335 fractum
500 2262 621 2362 pelago
638 2263 813 2336 decurrere
830 2281 988 2337 montem.

56 2391 111 2460 lat
126 2387 189 2459 ubi
206 2387 371 2483 suspensis
389 2384 703 2482 siluerunt'aequora
721 2389 845 2475 tunsis,

56 2513 166 2581 Mitior
184 2523 220 2580 et
236 2510 369 2579 senibus
385 2509 498 2604 cycnis
514 2523 548 2580 et
564 2512 694 2604 pectine
713 2511 829 2579 Pboebi

57 2636 127 2703 Vox
142 2630 254 2702 media
270 2630 312 2701 de
329 2656 442 2727 puppe
458 2634 566 2719 venit3
585 2634 691 2704 maria
708 2634 781 2728 ipsa
800 2634 920 2704 carinae

59 2752 245 2843 locedunt3
266 2766 343 2849 post
359 2777 457 2823 nosse
476 2752 592 2823 datum
611 2768 681 2824 est:
700 2756 870 2851 OEagrius
888 2754 955 2826 illic

59 2874 201 2946 decliuis
216 2874 325 2963 malo,
344 2874 461 2945 mediis
480 2874 665 2945 intersonat
682 2876 839 2971 Orpheus

43 2998 231 3093 Remigiis,
247 3010 425 3091 tantosque
439 2996 536 3090 jubet
551 2998 678 3067 nescire
694 2995 835 3069 labores.

59 3116 123 3187 lllis
142 3121 178 3187 iu
195 3118 387 3213 Scytbicum
406 3121 537 3187 Borean
555 3119 637 3207 iter,
656 3142 781 3213 oraque
799 3120 945 3215 primum

59 3240 197 3332 Cyaneis
215 3253 343 3309 arctata
357 3238 451 3308 vadis
469 3263 478 3306 t
497 3263 559 3333 nos
577 3240 721 3324 Thracia
739 3242 810 3311 visu

60 3359 146 3430 Bella
162 3375 262 3451 rata,
281 3361 375 3430 vario
394 3374 480 3429 tecta
500 3362 669 3431 incursare
687 3362 850 3454 tumultu,

60 3485 247 3553 Densarum
264 3481 451 3576 pecudum,
470 3497 528 3551 aut
544 3481 731 3579 fugientum
750 3509 843 3554 more
861 3483 1045 3555 volucrum.

62 3608 133 3675 fleu
149 3605 209 3675 ubi
228 3628 320 3673 nuno
337 3602 453 3674 mrim?
469 3620 605 3699 portus,
626 3602 841 3699 amplexaque
860 3604 937 3676 litus

62 3728 201 3816 Maenia,
221 3749 289 3819 qua
306 3722 407 3822 longe
424 3722 543 3822 pelago
563 3723 736 3821 despectus
754 3742 889 3822 aperto,

63 3852 276 3941 Scandimus,
292 3866 326 3921 et
342 3850 445 3926 celsas
462 3866 571 3923 tumes
592 3878 600 3921 ε
619 3852 686 3922 huc
706 3877 803 3941 saxa,
821 3851 1001 3947 sudesque,

62 3976 226 4068 &meque
245 3987 363 4043 moesta
379 3974 506 4059 virum,
525 3972 782 4068 atque'infectos
800 3972 944 4069 caedibus
962 3998 1057 4061 enses

64 4097 263 4167 Subvectaut
279 4094 416 4189 trepidae
433 4123 441 4163 :
461 4097 543 4189 quin
561 4108 594 4164 et
613 4092 799 4188 squalentia
815 4112 905 4167 texte
