2934 4950
62 418 88 477 a.
101 418 167 481 1⁴⁵.)
352 410 567 471 unanimos
589 382 699 472 mania
721 414 801 471 vm.
1040 428 1091 467 m

62 541 152 610 lllum
171 542 254 629 heu,
273 542 428 636 praesagis
446 565 514 634 quo
529 539 640 611 nullus
658 541 798 610 amicior
812 539 926 626 astris,

60 659 236 747 OEcliden,
255 660 445 755 frustraque
464 684 583 731 manus
600 686 676 731 cum
691 684 775 729 uoce
790 658 939 731 tetendit.

60 782 143 849 llira
160 779 291 875 loquor,
311 779 421 850 sulcos
438 783 637 871 etiamnum,
655 796 779 870 rector,
798 804 980 874 equorum,

60 905 317 996 Fumantemque
333 899 463 991 locum,
484 916 519 971 et
533 904 664 997 'spumis
682 901 816 971 madida
833 924 914 969 arva
930 897 1060 992 reliqui.

60 1022 124 1090 Nec
145 1046 323 1092 commune
341 1021 468 1092 malum
486 1038 537 1093 est
552 1048 560 1092 :
578 1021 675 1093 tellus
695 1024 848 1119 agnoscit
864 1019 1032 1106 alumnos,

60 1144 128 1212 Stat
144 1143 306 1213 Thebana
322 1145 449 1213 acies.»
471 1146 590 1239 Stupet
605 1146 690 1233 hac,
711 1158 746 1213 et
761 1142 897 1212 credere
914 1140 1074 1211 Adrastus

60 1266 260 1353 Cunctatur;
278 1264 337 1336 sed
354 1268 493 1361 Mopsus
512 1264 616 1351 idem,
633 1264 850 1361 trepidusque
867 1262 995 1331 ferebat

59 1388 159 1456 Actor
176 1386 280 1474 idem;
303 1412 380 1455 nam
399 1386 487 1456 fama
506 1388 601 1456 novis
620 1386 803 1456 terroribus
821 1384 931 1454 audax
1018 1393 1020 1396 ’

61 1510 135 1577 Non
155 1532 261 1577 unum
280 1508 437 1578 cecidisse
452 1508 577 1577 refert:
595 1522 713 1603 sponte
731 1508 863 1602 agmina
881 1520 970 1575 retro

61 1631 137 1699 Non
157 1643 348 1724 exspectato
365 1643 581 1699 revocantum
600 1652 694 1697 more
713 1629 870 1697 tubarum

61 1750 293 1845 Praecipitant:
313 1748 371 1819 sed
391 1764 503 1844 torpet
522 1752 595 1839 iter,
615 1748 801 1844 falluntque
821 1762 953 1817 ruentes

62 1872 180 1940 Genua
199 1872 306 1960 viros,
326 1871 471 1966 ipsique,
492 1886 590 1966 putes
609 1871 764 1959 sensisse,
782 1884 974 1965 repugnant

63 1990 284 2087 Cornipedes,
301 1990 459 2086 nulloque
477 2006 587 2061 truces
605 1992 795 2061 hortamine
811 2004 949 2086 parent,

63 2115 132 2183 Nec
149 2111 294 2182 celerare
311 2112 469 2209 gradum,
488 2138 548 2182 nec
568 2112 684 2182 tollere
700 2111 827 2181 lumina
843 2128 940 2181 terra.

63 2236 194 2305 Fortius
214 2236 385 2304 incursant
403 2236 519 2331 Tyrii:
539 2234 596 2305 sed
615 2237 745 2329 Vesper
762 2257 886 2328 opacus

64 2361 213 2427 Lunares
228 2356 300 2449 jam
317 2354 410 2425 ducit
426 2380 529 2451 equos
545 2370 554 2425 ⁴:
573 2357 650 2425 data
669 2355 795 2424 foedere
811 2379 915 2449 parvo

65 2481 183 2548 Moesta
199 2479 280 2548 viris
296 2480 446 2572 requies,
464 2493 498 2548 et
514 2503 581 2548 nox
602 2491 742 2548 auctura
761 2479 907 2546 timores.

111 2601 199 2689 Quae
215 2599 276 2668 tibi
297 2613 378 2668 tunc
398 2598 516 2688 facies,
536 2613 714 2694 postquam
730 2599 893 2694 permissa
911 2595 1064 2693 gemendi

66 2719 194 2816 Copia?
210 2721 268 2814 qui
285 2719 381 2790 fletus
399 2718 501 2816 galeis
520 2719 668 2790 cecidere
685 2718 824 2789 solutis?

67 2841 121 2912 Nil
139 2840 278 2912 solitum
297 2839 397 2911 fessos
412 2841 510 2935 juvat
528 2867 537 2912 ε
556 2841 706 2936 abjecere
725 2839 913 2928 madentes,

70 2965 163 3033 Sicut
181 2978 294 3052 erant,
314 2961 446 3059 clypeos
465 2989 473 3032 ε
491 2988 553 3034 nec
571 2965 747 3058 quisquam
765 2961 891 3058 spicula
912 2961 1024 3047 tersit,

68 3087 139 3154 Nec
157 3082 307 3154 laudavit
324 3109 467 3179 equum,
488 3085 601 3154 nitidae
622 3111 683 3154 nec
700 3084 836 3154 cassidis
853 3083 955 3153 altam

68 3207 198 3275 Comsit
217 3204 459 3300 adornavitque
473 3206 591 3300 jubam
613 3231 622 3276 ι
640 3208 695 3275 vix
713 3229 836 3301 magna
854 3204 965 3274 lavare

69 3326 236 3416 Vulnera,
255 3342 289 3397 et
306 3326 455 3397 efflantes
475 3325 557 3397 libet
574 3330 795 3397 internectere
811 3325 935 3422 plagas.

69 3451 195 3518 Tantus
215 3447 340 3542 ubique
358 3443 470 3516 dolor!
489 3473 618 3518 mensas
636 3446 861 3541 alimentaque
878 3445 966 3516 bello
1055 3436 1060 3446 ⁸

72 3570 192 3640 Debita
211 3593 273 3638 nec
290 3565 410 3664 pugnae
428 3570 532 3639 suasit
549 3571 649 3638 timor
666 3571 803 3638 :omnia
821 3568 954 3654 laudes,

74 3691 289 3786 Amphiarae,
308 3705 398 3778 tuas,
419 3689 640 3786 foecundaque
658 3706 796 3786 pectora
811 3692 880 3760 veri

75 3813 346 3880 Commemorant
364 3810 536 3906 lacrymis,
555 3827 590 3881 et
608 3805 667 3908 per
686 3814 829 3881 tentoria
844 3794 955 3880 sermo

77 3935 189 4020 Unus;
209 3933 351 4002 «Abisse
368 3929 474 4016 Deos,
503 3931 695 4029 dilapsaque
716 3935 853 4002 numina
873 3933 999 4001 castris.

126 4051 243 4122 «Heul
265 4054 323 4122 ubi
341 4053 498 4148 laurigeri
516 4055 656 4124 currus?
673 4053 911 4148 sollemniaque
929 4051 1041 4122 arma?
