2934 4950
82 454 193 519 (aaa)
405 450 620 507 raaaunos
642 413 754 508 amari
776 453 827 507 v1.
1087 452 1123 520 87

81 581 243 675 Dignari,
261 592 294 647 et
311 575 441 646 tumulo
461 601 653 671 supremum
671 578 762 647 hunc
780 575 902 645 addere
918 576 1098 665 honorem,

82 704 270 770 Hortantur
287 720 441 793 proceres
459 723 467 767 ε
483 721 537 786 ac,
555 723 596 767 ne
615 700 753 768 victoria
769 698 854 768 desit

82 823 158 890 Una
178 820 302 889 ducum
320 845 474 908 nurnero,
495 818 614 889 fundat
632 819 684 888 vel
704 821 806 915 Lycia
824 845 929 888 cornu

82 942 163 1011 Tela
184 956 324 1036 rogant,
346 942 437 1010 tenui
457 939 509 1009 vel
528 939 643 1009 nubila
663 954 807 1009 transeat
824 940 929 1008 hasta.

130 1062 342 1157 Obsequitur
361 1060 530 1157 gaudens,
549 1046 715 1155 uiridique
738 1086 779 1130 ex
799 1085 919 1157 aggere
939 1062 975 1129 iu
994 1084 1123 1153 aequum

83 1186 234 1278 Stipatus
250 1184 386 1251 summis
400 1182 562 1275 juvenum
578 1180 748 1251 descendit
765 1206 775 1251 r
795 1197 829 1250 at
847 1180 895 1252 illi

83 1308 176 1374 Pone
193 1302 280 1373 leves
297 1316 409 1398 portat
425 1302 597 1397 pharetras
614 1318 647 1371 et
664 1324 790 1371 cornua
803 1303 916 1396 jussus

83 1426 265 1520 Armiger:
283 1426 451 1519 ingentem
467 1424 560 1518 jactu
577 1424 802 1493 transmittere
816 1424 942 1491 circum

83 1546 247 1634 Eurinus,
266 1560 300 1613 et
317 1542 413 1614 dictae
430 1544 508 1613 dare
526 1542 664 1613 vulnera
683 1543 826 1613 destinat
841 1567 937 1613 orno.

130 1668 220 1757 Quis
239 1666 342 1737 fluere
359 1664 497 1736 occultis
517 1690 627 1737 rerum
649 1682 748 1763 neget
766 1668 879 1735 omina
896 1666 1023 1736 causis?

84 1796 168 1860 Fata
185 1802 302 1884 patent
318 1789 468 1857 homini:
488 1790 580 1884 piget
598 1788 784 1877 inservare,
801 1789 953 1882 peritque

85 1911 231 1981 Venturi
247 1912 410 2008 promissa
427 1908 509 1979 fides
526 1934 534 1977 ε
554 1912 601 1979 sic
620 1912 732 1979 omina
752 1932 865 1979 casum

87 2033 259 2120 Fecimus,
279 2047 313 2101 et
329 2033 415 2100 vires
432 2032 525 2101 auxit
540 2033 688 2100 Fortuna
705 2030 857 2102 nocendi.

136 2158 305 2250 Campum
322 2176 455 2223 emensa
473 2152 568 2222 brevi
585 2151 693 2222 fatalis
711 2154 755 2221 ab
772 2153 892 2223 arbore
910 2167 1016 2242 tacta,

88 2275 307 2347 Horrendum
320 2277 412 2365 visu,
434 2297 493 2371 per
507 2299 589 2369 quas
607 2274 708 2343 modo
726 2259 857 2370 fugerat
872 2298 988 2360 auras,

89 2402 194 2471 Venit
211 2396 341 2469 arundo
361 2412 467 2487 retro,
486 2420 686 2492 versumque
703 2420 723 2465 a
741 2396 806 2465 fine
819 2411 967 2465 tenorem

90 2519 249 2611 Pertulit,
264 2535 299 2589 et
312 2535 399 2589 notae
416 2520 512 2614 juxta
528 2521 596 2588 ruit
609 2542 669 2588 ora
684 2518 858 2612 pharetrae.

138 2638 249 2711 Multa
269 2638 368 2710 duces
388 2659 500 2710 errore
520 2654 658 2710 serunt:
675 2640 709 2708 hi
727 2637 860 2726 nubila,
877 2653 911 2707 et
928 2636 1024 2706 altos

92 2762 288 2833 Occurrisse
303 2763 409 2832 Notas
426 2787 434 2831 :
452 2760 591 2831 adverso
607 2761 739 2830 roboris
756 2763 825 2830 ictu

92 2882 173 2956 Tela
189 2882 324 2981 repulsa
341 2882 407 2953 alii.
425 2885 561 2954 Penitus
576 2882 655 2953 latet
672 2885 779 2952 exitus
797 2884 931 2977 ingens,

94 3011 384 3100 Monstratnmque
401 3006 517 3076 nefas:
537 3005 595 3075 uni
614 3003 792 3076 remeabile
808 3000 947 3093 bellum,

95 3132 141 3198 Et
157 3131 264 3199 tristes
281 3128 417 3198 domino
435 3127 618 3215 spondebat
634 3127 764 3196 arundo
780 3149 946 3196 recursus.
