2934 4950
313 354 349 410 62

664 357 694 411 P.
718 355 842 411 PUBLH
861 355 987 411 stim

411 483 529 550 Vestra
548 493 595 548 est
616 481 676 548 ista
696 480 788 567 dies3
808 481 930 568 favete,
951 483 1070 563 Musa,

408 606 498 670 Dum
518 602 575 694 qui
596 625 654 669 vos
673 602 822 695 geminas
842 600 920 671 tulit
938 626 998 695 per
1017 615 1104 671 artes

410 725 452 792 Et
471 723 590 789 vinctae
611 720 695 815 pede
713 721 819 809 vocis,
838 735 871 790 et
889 719 1027 809 solute,

409 843 552 912 Romani
570 840 692 910 colitur
708 841 803 911 chori
821 842 983 911 sacerdos.

458 960 549 1031 Felix
566 963 633 1030 heu
648 962 763 1049 nimis,
784 976 817 1031 et
828 963 932 1056 *beata
953 961 1068 1049 tellus,

408 1085 494 1173 Quae
515 1106 638 1176 pronos
657 1083 858 1176 Hyperionis
877 1097 1004 1168 meatus

410 1203 556 1271 Summis
577 1201 703 1271 Oceani
722 1200 815 1270 vides
834 1203 868 1269 in
889 1201 1002 1289 undis,

412 1321 662 1414 stridoremque
682 1336 764 1389 rotae
782 1320 930 1390 cadentis
950 1321 1071 1389 audis:

412 1449 497 1544 Quae
512 1443 686 1513 Tritonide
705 1443 829 1512 fertiles
847 1445 993 1514 Athenas

412 1567 552 1652 Unctis,
571 1565 711 1649 Baetica,
730 1588 891 1658 provocas
910 1562 1064 1659 trapetis!

413 1687 589 1754 Lucanum
607 1696 702 1777 potes
721 1685 888 1777 imputare
905 1685 1023 1770 terris;

414 1810 487 1874 Hoc
505 1802 696 1898 plusquam
714 1806 875 1872 Senecam
891 1802 1019 1872 dedisse
1036 1803 1163 1872 mundo

416 1927 485 1993 Aut
502 1921 634 1991 dulcem
652 1947 827 2016 generasse
843 1922 1044 1992 Gallionem.

415 2041 555 2114 Attollat
571 2041 694 2110 refluos
713 2043 749 2110 in
768 2057 858 2111 astra
874 2043 981 2113 sontes

415 2163 520 2233 Graio
538 2161 684 2231 nobilior
699 2161 822 2232 Melete
842 2165 948 2233 Baetis.

415 2283 540 2368 Baetin,
558 2285 715 2370 Mantua,
733 2308 916 2377 provocare
933 2283 1013 2353 noli.

386 2498 389 2504 Ι
462 2404 590 2474 Natum
608 2417 784 2498 protenus,
804 2418 904 2498 atque
919 2404 1062 2475 humum
1078 2430 1139 2502 per
1154 2407 1260 2504 ipsam

417 2524 530 2592 Primo
548 2546 721 2593 murmure
737 2521 836 2593 dulce
851 2525 1041 2620 vagientem

417 2641 545 2713 Blando
563 2641 714 2739 Calliope
731 2645 807 2713 sinu
826 2648 963 2739 recepit.

417 2766 503 2832 Tum
520 2765 668 2858 primum
686 2764 796 2857 posito
813 2764 950 2834 remissa
965 2766 1058 2835 luctu

418 2886 552 2979 Longos
569 2884 722 2978 Orpheos
741 2886 849 2954 exsuit
863 2884 1015 2972 dolores;

418 3006 460 3073 Et
477 3004 561 3071 dixit
578 3029 586 3071 :
605 3008 762 3073 «Puero
782 3003 889 3073 dicate
904 3008 1027 3092 Musis,

418 3124 600 3218 Iongaevos
617 3124 683 3191 cito
704 3126 883 3193 transiture
901 3140 1008 3212 vetes,

419 3244 498 3313 Non
516 3258 552 3312 tu
570 3242 724 3331 flumina,
743 3270 805 3313 nec
821 3270 938 3340 greges
954 3246 1115 3334 serarum,

418 3366 490 3434 Nec
507 3361 635 3456 plectro
653 3366 788 3433 Geticas
804 3367 953 3435 movebis
969 3392 1090 3452 ornos;
1184 3424 1187 3428 .

418 3483 483 3552 Sed
500 3498 626 3578 septem
639 3485 741 3579 juga,
758 3488 986 3581 Martiumque
1004 3488 1161 3583 Tybrim,

418 3608 459 3675 Et
477 3604 590 3675 doctos
608 3608 751 3699 equites,
769 3622 802 3676 et
819 3607 1012 3702 eloquente.

419 3728 530 3794 Cantu
547 3750 755 3820 purpureum
774 3729 884 3797 trahes
900 3744 1063 3798 senatum.

418 3849 609 3917 Nocturnas
625 3846 681 3917 alii
697 3849 868 3945 Phrygum
885 3852 1019 3949 ruinas⁷

420 3972 462 4037 Et
480 3968 573 4037 tarde
590 3969 719 4039 reducis
736 3972 805 4040 vias
820 3970 929 4059 Ulixi,
