2934 4950
68 449 99 509 (v.
112 449 178 511 325.)
363 446 578 507 rflusnlbos
601 450 710 507 LIBER
731 452 810 507 vlu.
1052 468 1104 522 ¹²7

68 576 99 641 N
102 598 119 640 e
138 597 218 667 repe
236 588 306 642 tam
324 573 440 642 subitis
459 576 775 670 spirantiacorpora
794 575 920 664 bustis,

67 695 118 762 Ne
139 714 280 787 propere
301 718 308 761 :
329 695 497 763 veniemus
519 696 624 784 enirn,
645 718 713 789 quo
729 694 834 765 limite
851 698 981 783 cuncti,

66 813 142 901 Qua
157 812 235 883 licet
253 817 300 882 ire
319 816 370 883 rie
391 842 398 882 ε
418 828 549 884 tantum
570 831 702 909 erorata
719 816 862 912 Pelasgis

66 935 151 1001 Siste
171 933 276 1003 levem
297 958 470 1029 campum,
492 916 696 1005 celeresl-neu
715 939 857 1031 praecipe
873 941 1006 1006 Parcas.

67 1060 107 1123 At
125 1068 162 1123 tu
180 1078 255 1123 care
271 1057 370 1142 Deis,
389 1078 489 1148 quem
509 1080 576 1124 non
595 1080 714 1126 uranus
734 1055 819 1144 ulla,
838 1082 899 1127 nec
916 1080 1009 1125 enses

66 1174 211 1263 Sidonii,
230 1174 286 1244 sed
304 1193 427 1269 magne
444 1178 517 1245 sinu
538 1179 665 1247 Natura
683 1175 810 1264 soluto,

65 1298 133 1365 Ceu
149 1311 184 1365 te
199 1296 357 1388 Cyrrhaeo
374 1298 527 1365 meritum
545 1296 726 1366 tumularet
742 1299 855 1383 hiatu,

65 1418 117 1484 Sic
135 1414 288 1510 amplexa
304 1418 389 1503 coit,
407 1416 522 1486 hilaris
539 1417 614 1503 des,
633 1443 712 1506 oro,
730 1434 883 1513 precatus

65 1539 171 1605 Nosse
186 1550 278 1621 tuos,
294 1525 460 1631 ueloque,
479 1552 511 1606 et
528 1562 604 1607 vern
620 1540 831 1609 monentibus
846 1542 912 1608 aris

66 1654 248 1743 Concilies,
270 1672 302 1725 et
319 1682 392 1751 quae
411 1656 541 1753 populis
559 1660 708 1754 proferre
727 1662 886 1757 parabas,

65 1781 121 1846 Me
138 1776 257 1845 doceas
279 1802 287 1845 τ
311 1779 368 1847 tibi
389 1803 482 1847 sacra
500 1779 603 1848 feram
622 1804 789 1876 presaga,
808 1784 924 1876 tuique
946 1861 952 1875 Ι

65 1899 221 1967 Numinis
241 1899 421 1993 interpres,
444 1913 476 1967 te
495 1900 621 1969 Phoebo
643 1901 777 1971 absente
795 1902 933 1972 vocabo.

65 2017 123 2087 llle
144 2019 225 2087 mihi
245 2016 331 2088 Delo
349 2020 542 2113 Cyrrhsque
561 2023 729 2114 potentior
746 2023 837 2091 omni

65 2142 142 2227 Quo
161 2141 248 2226 ruis,
269 2138 322 2208 ille
344 2140 448 2234 adytis
469 2139 586 2208 melier
604 2139 706 2210 locus.
720 2172 738 2207 a
754 2146 831 2212 Hsec
849 2144 907 2213 ubi
926 2142 1034 2232 dicta,

65 2262 243 2353 Nigrantes
262 2274 350 2327 tene
369 2258 527 2354 pecudes,
546 2261 754 2355 obscuraque
771 2265 891 2357 mergit

65 2384 241 2466 Armenta,
260 2404 297 2447 ac
316 2382 397 2449 vivis
415 2379 567 2451 cumulos
585 2381 741 2456 undantis
758 2406 866 2452 arene

67 2506 231 2598 Aggerat,
247 2515 280 2570 et
298 2505 364 2570 rati
381 2504 498 2571 mortis
514 2501 692 2572 simulacre
706 2493 871 2598 rependit.

112 2623 206 2692 Talia
225 2622 313 2718 apud
332 2625 471 2709 Graios,
490 2649 593 2717 quum
607 2625 676 2716 jam
695 2626 862 2694 Mavortia
878 2640 994 2695 eontra

66 2749 219 2829 Cornua,
233 2745 304 2838 jam
323 2763 425 2813 sevos
442 2744 555 2840 fragor
572 2768 676 2814 oereus
694 2746 817 2815 excitat
832 2771 936 2816 enses.

67 2866 166 2936 tddit
184 2865 306 2934 acerba
324 2890 443 2934 sonum
462 2866 639 2936 Theumesi
657 2891 676 2936 e
694 2869 818 2944 vertice
834 2868 963 2937 crinem

66 2976 425 3080 Incutiens,'acuitque
443 2987 541 3056 tubas
562 3003 595 3058 et
612 2987 708 3058 sibila
727 2990 844 3057 miscet

66 3109 246 3204 Tisiphone
266 3133 273 3175 :
295 3123 408 3203 stupet
427 3085 563 3177 insolito
582 3107 741 3205 clangore
759 3109 929 3180 Citheron
1021 3083 1028 3095 ι

66 3229 252 3316 Marcidus,
273 3244 306 3297 et
325 3244 431 3300 turres
453 3253 587 3299 carmen
604 3255 673 3300 non
692 3230 757 3300 tale
777 3245 905 3331 secute.

66 3355 136 3420 lam
157 3349 301 3445 trepides
320 3348 455 3420 Bellona
475 3349 579 3440 fores,
601 3366 795 3446 minutaque
814 3350 925 3447 pulsat
1047 3436 1052 3442 .

66 3477 214 3559 Limina3
232 3474 304 3567 jam
324 3471 430 3542 multo
450 3471 607 3555 laxentur
625 3474 760 3552 cardine
779 3472 910 3544 Thebe.

66 3594 192 3664 Turbat
207 3615 309 3688 equas
326 3593 468 3688 pedites,
485 3595 879 3689 currusproperenlibus
895 3593 1046 3681 obstant,
1111 3669 1116 3678 ,

67 3719 135 3786 Ceu
152 3717 262 3785 Danai
278 3729 354 3810 post
371 3729 466 3810 terga
484 3730 664 3809 premant:
684 3717 731 3785 sic
749 3715 906 3785 omnibus
922 3712 981 3784 ale

67 3826 247 3907 Arctantur
265 3838 393 3930 portis3
405 3851 598 3931 septemque
615 3837 809 3906 excursibus
825 3837 963 3905 herent.

69 3959 203 4052 Ogygiis
225 3958 253 4025 it
274 3973 363 4027 sorte
381 3961 510 4047 Creon3
530 3957 684 4028 Eteoclea
703 3959 843 4027 mittunt
937 3971 941 3980 '

69 4081 188 4166 Neitae3
209 4077 312 4148 celsas
332 4078 548 4150 Homoloidas
567 4095 710 4174 occupat
726 4083 883 4165 Haemon,
