2934 4950
64 457 166 520 ω.)
382 453 575 510 amrinum
594 453 702 510 nmnn
724 453 776 510 111.
1061 441 1098 513 7⁵

65 579 213 651 tumba
229 580 319 669 Quae
333 579 395 649 tibi
411 603 502 649 nunc
514 583 710 649 meritorum
730 581 866 676 praemia
882 576 1033 648 solvam?

61 702 145 790 Qnu
164 699 311 770 reseram
328 697 460 795 grates?
476 703 658 770 Parcarum
675 699 731 770 fita
748 701 882 788 tenebo,

63 819 308 915 Extendamque
322 820 417 890 eolus
438 846 447 888 ε
467 819 586 890 duram
602 823 672 890 scio
688 823 821 890 vincere
840 835 999 891 mortem:

64 943 214 1011 Avertam
230 938 363 1029 luctare,
381 955 416 1010 et
431 941 539 1010 tristia
557 939 679 1011 damna
694 941 833 1030 vetabo,

63 1065 165 1156 Teque
182 1060 270 1130 nihil
287 1058 402 1131 lusum
420 1060 519 1131 viridi
539 1062 707 1132 renovabo
723 1077 871 1149 senecta3

63 1181 315 1277 Concedamque
330 1181 388 1252 diu
405 1183 545 1276 juvenes
558 1198 709 1278 spectare
726 1198 878 1280 nepotes,

64 1305 172 1374 Donec
191 1317 227 1373 et
246 1302 302 1373 hie
316 1327 446 1398 sponsae
461 1317 630 1392 maturus,
648 1318 682 1373 et
699 1302 756 1372 illa
770 1307 916 1373 marito:

64 1427 182 1494 liumus
198 1437 231 1494 et
250 1423 374 1494 exiliis
394 1422 524 1493 soboles
541 1449 642 1511 nova3
660 1430 807 1520 grexque
825 1437 1000 1519 protervus

64 1545 154 1614 Nunc
170 1545 320 1614 humeris
336 1547 477 1639 irreptet
491 1547 560 1631 avi,
575 1570 666 1615 nunc
681 1547 815 1640 agmine
830 1543 953 1614 blando

65 1666 219 1734 Certatim
241 1662 379 1759 placidae
393 1679 573 1734 concurrat
588 1664 631 1734 ad
648 1663 764 1736 oscula
778 1663 891 1734 Potlae.

65 1788 144 1855 Nam
160 1785 296 1880 templis
312 1809 485 1879 nunquam
498 1799 664 1856 statuetur
679 1787 843 1856 terminus
859 1787 936 1872 aeri,

66 1909 147 1977 Dum
166 1931 220 1976 me
235 1907 434 2003 flammigeri
453 1893 605 2001 portabit¹
617 1907 771 1976 maehina
791 1905 875 1980 noeli.

67 2030 128 2098 Nec
142 2028 225 2097 mibi
241 2025 318 2121 plus
337 2029 478 2117 Nemee,
494 2028 683 2122 priscumne
699 2027 905 2099 habitabitur
914 2030 1040 2122 Argoa,

68 2151 130 2219 Nee
149 2149 299 2218 Tiburna
314 2146 450 2237 domus,
465 2145 588 2225 nolisve
606 2145 730 2216 rubilia
747 2147 899 2234 Gadara?

106 2271 159 2340 Sir
169 2271 230 2358 ait,
245 2283 280 2338 et
297 2283 439 2363 tangens
454 2282 647 2364 surgentem
662 2266 824 2340 altaribus
841 2271 967 2364 ignem,

68 2388 265 2487 Populeaque
279 2412 420 2460 movens
434 2386 580 2480 albentia
600 2403 753 2484 tempora
766 2368 862 2479 silva,

69 2506 234 2608 EtStyga,
249 2526 285 2581 et
301 2509 440 2581 aetberei
451 2511 579 2605 juravit
597 2508 737 2579 fulmina
754 2510 868 2603 patris.
