2934 4950
68 391 179 486 (ισόξ.)
378 386 594 448 annuamus
617 385 727 444 LIBER
747 389 798 443 XI.
1056 405 1110 458 ²²7

67 517 200 590 Flebilis
219 517 335 589 Aonie
355 513 475 586 solium
496 539 585 611 :pro
603 515 724 587 blanda
742 529 903 612 potestas,

65 645 109 711 Et
129 643 251 735 sceptri
272 637 500 709 malesuadus
519 636 629 708 amor!
650 661 870 734 nunquamne
888 640 1040 731 priorum

66 763 252 833 Haerebunt
268 760 471 832 documenta
488 761 603 831 novis?
614 735 712 856 juvat
728 785 805 830 eece
823 761 950 830 nefasto

65 889 163 956 Stare
179 882 270 970 loeo,
287 887 506 981 regimenque
523 908 625 954 manu
645 899 791 955 tractare
807 898 993 953 cruentum.

65 1009 161 1099 Quid
178 1005 298 1078 melior
312 1010 461 1098 Fortuna
478 1007 610 1100 potest?
624 1007 694 1100 jam
714 1002 845 1076 flectere
864 1020 991 1101 patrem

64 1131 212 1226 Incipit,
231 1143 333 1224 atque
352 1127 437 1199 datis
458 1126 590 1222 abolere
610 1131 781 1199 Menoecea
801 1130 923 1225 regnis.

64 1253 217 1322 Primum
235 1251 318 1322 adeo
335 1253 430 1320 saevis
449 1250 599 1322 Imbutus
617 1250 788 1320 amoribus
807 1249 909 1337 aulae,

64 1373 234 1444 Iudicium
252 1373 486 1469 specimenque
503 1375 570 1464 sui,
588 1373 686 1470 jubet
703 1375 781 1469 igne
799 1385 969 1468 supremo

64 1496 182 1568 Arcesi
201 1499 355 1584 Danaos,
372 1495 532 1590 nudoque
548 1495 611 1565 sub
629 1521 692 1565 axe
708 1493 852 1601 relinqui

63 1621 185 1691 Infelix
203 1620 348 1710 bellum,
365 1633 400 1691 et
415 1623 527 1691 tristes
541 1622 614 1691 sine
633 1620 766 1692 sedibus
783 1621 927 1691 umbras.

114 1745 197 1812 Mox
211 1739 369 1812 reducem
387 1743 526 1840 Ogygiae
545 1768 742 1840 congressus
763 1742 877 1814 limine
899 1757 1004 1843 portae

63 1863 271 1959 OEdipoden
290 1864 404 1934 timuit
417 1862 587 1960 paullum,
606 1889 744 1959 seseque
758 1866 924 1934 minorem

63 1985 246 2057 Confessus
266 1986 381 2073 tacite,
399 1999 631 2082 promtumque
650 1988 799 2083 coercuit
814 1989 910 2056 iram.

63 2112 148 2179 Mox
167 2108 254 2178 redit
271 2111 307 2178 in
323 2133 454 2205 regem,
472 2087 666 2203 caecumque
685 2109 884 2179 audentibus
904 2109 1032 2178 bostem

63 2232 293 2326 increpitans,
314 2229 482 2318 «Procul,
503 2233 635 2325 inquit,
653 2232 707 2300 abi
727 2210 912 2301 victoribus
932 2253 1031 2298 omen

43 2355 234 2442 Invisum,
254 2369 288 2424 et
306 2356 424 2424 Furias
442 2369 577 2439 averte,
596 2379 635 2424 ac
653 2355 776 2423 moenia
792 2353 899 2422 lustra

63 2479 223 2547 Discessu
238 2477 397 2553 thebana
417 2492 475 2547 tuo
494 2502 502 2545 ε
523 2500 598 2570 spes
616 2474 716 2571 briga
737 2490 872 2571 peracta
890 2488 947 2556 est.
1069 2518 1072 2523 -

61 2599 175 2687 Vade,
190 2599 302 2694 jacent
320 2600 391 2668 neti
412 2624 420 2666 t
440 2622 514 2693 quae
530 2599 601 2692 jam
620 2598 682 2667 tibi
700 2612 779 2666 vote
799 2595 1003 2692 supersunt?
1015 2628 1032 2660 s

113 2723 258 2791 Horruit
279 2703 437 2791 instinctu
457 2720 596 2809 rabido,
616 2734 846 2814 steteruntque
865 2733 1061 2805 temnentes,

62 2848 135 2914 Cen
147 2846 222 2913 visu
237 2856 414 2939 presente,
435 2866 545 2939 genae,
565 2842 762 2937 seniumque
776 2843 919 2911 recessit.

61 2970 161 3035 Tunc
179 2980 292 3035 natam
311 2965 535 3060 baculumque
551 2987 651 3034 manu
672 2964 812 3051 dimisit,
833 2980 866 3036 et
882 2966 939 3033 irae

61 3082 226 3177 Innixus,
248 3088 378 3158 tumido
397 3113 513 3159 vocem
532 3088 576 3159 de
595 3103 728 3184 pectore
743 3088 899 3184 rumpit:

116 3212 268 3291 clamne
285 3224 382 3280 vacet
397 3213 529 3301 sevire,
549 3210 681 3283 Creon?
698 3210 800 3280 modo
817 3208 946 3305 perfida
964 3234 1068 3304 regna

62 3336 291 3427 Fortunaeque
308 3328 422 3403 locum
438 3347 573 3420 nostre,
590 3333 797 3421 miserande,
817 3333 953 3420 subisti,

61 3458 107 3523 Et
126 3453 189 3521 tibi
202 3454 272 3547 jem
291 3454 338 3524 fas
357 3468 408 3525 cst
425 3479 545 3551 regum
565 3453 692 3529 calcare
710 3454 847 3526 ruinas?

59 3579 140 3644 Iam
164 3574 299 3646 tumulis
314 3578 434 3665 victos,
453 3562 559 3648 socios
576 3579 645 3671 jam
667 3579 833 3647 moenibus
851 3574 967 3647 arces?

61 3700 201 3784 Macte,
221 3712 315 3793 potes
335 3697 436 3795 digne
450 3699 643 3769 Thebarum
661 3715 792 3795 sceptra
810 3701 908 3768 tueri.

61 3822 147 3889 Haec
167 3832 226 3889 tua
241 3821 349 3916 prima
369 3820 464 3892 dies:
487 3821 545 3892 sed
564 3847 625 3892 cur
642 3848 729 3893 nove
746 3822 914 3892 contrahis
934 3846 1049 3891 amens

60 3940 176 4011 tura?
195 3942 276 4036 quid
298 3960 438 4040 anguste
457 3958 567 4017 tantos
587 3946 713 4014 metiris
730 3944 897 4015 honores?

63 4061 233 4133 Exsilium
255 4065 422 4137 intendis?
436 4065 551 4138 timida
571 4066 786 4137 inclementia
805 4092 921 4163 regum

917 4192 969 4263 15.
