2934 4950
355 336 413 396 nso
653 324 864 382 TREBAIDOS
887 325 998 382 traua
1019 327 1086 381 ΧΗ.
1299 331 1404 392 (vass.)

355 453 506 549 Effigies,
526 441 711 548 errantque
722 455 841 522 animae
858 465 933 547 post
949 453 1097 522 membra
1111 453 1241 523 solutae.

355 579 407 645 Tu
423 575 506 644 mihi
524 565 634 670 pande
650 576 735 663 vias,
752 589 877 669 tuaque
896 573 967 669 ipse
984 574 1026 642 ad
1045 574 1161 644 funera
1180 575 1324 661 deduc,

356 699 392 768 si
409 697 527 766 merui.
539 725 557 761 s
572 691 686 785 Dixit,
704 710 896 789 tectumque
911 719 1064 792 aggressa
1082 699 1292 792 propinquas

356 817 525 890 Pastorale
542 843 640 907 casae,
657 815 763 887 reficit
781 818 961 912 spiramina
978 817 1065 887 fessi·

358 942 467 1036 Ignis,
487 953 521 1010 et
534 939 719 1010 horrendos
739 928 896 1033 irrumpit
914 938 1048 1008 turbida
1066 963 1210 1036 campos.

408 1060 526 1151 Qualis
545 1060 588 1130 ab
608 1060 743 1132 AEtuoeis
763 1084 899 1129 accensa
915 1057 1069 1154 lampade
1089 1063 1174 1130 saxis

357 1185 450 1256 Orba
468 1186 570 1254 Ceres
587 1203 715 1278 magnae
732 1181 884 1250 variabat
905 1183 1050 1276 imagine
1068 1181 1209 1252 flamma

355 1307 539 1377 Ausonium
557 1302 773 1399 Siculumque
788 1300 897 1392 latus,
915 1305 1056 1399 vestigia
1071 1306 1158 1400 nigri

356 1427 530 1524 Raptoris‚
551 1439 728 1520 vastosque
745 1423 858 1521 legens
876 1425 911 1492 in
930 1423 1066 1521 pulvere
1083 1425 1202 1496 sulcos.

356 1549 450 1619 Illius
466 1547 592 1618 insanis
612 1543 795 1616 ululatibus
814 1547 886 1641 ipse
903 1551 1047 1643 remugit
1168 1567 1172 1572 ’

357 1665 564 1757 Enceladus,
584 1683 751 1763 ruptoque
767 1668 837 1736 vias
855 1665 1025 1738 illuminat
1042 1671 1122 1764 igni.

356 1789 589 1886 Persephonen
606 1813 736 1876 amnes,
753 1786 864 1875 silvae,
884 1789 986 1877 freta,
1005 1788 1121 1860 nubila
1140 1788 1324 1864 clamant:

355 1911 587 2007 Persephonen
606 1897 736 1980 tantum
757 1911 865 2005 Stygii
883 1925 971 1980 tacet
989 1908 1066 1981 aula
1083 1914 1206 1983 mariti.

402 2031 571 2102 Admonet
587 2033 765 2102 attonitam
782 2030 870 2100 fidus
885 2033 1081 2102 meminisse
1094 2034 1250 2103 Creontis

356 2153 463 2242 Alton
480 2167 513 2224 et
527 2150 693 2250 occultam
712 2152 907 2222 submittere
923 2151 1078 2248 lampada
1094 2155 1195 2224 hirto.

356 2277 486 2372 Regina
499 2261 673 2371 Argolicas
691 2273 796 2344 modo
811 2273 986 2344 formidata
1007 2277 1203 2370 p'er'urbes,

355 2400 481 2467 Votum
497 2385 642 2464 immane
658 2395 783 2491 procis,
804 2420 945 2491 spesque
962 2399 1197 2493 augustissima
1214 2401 1350 2495 gentis,

355 2521 462 2591 Nocte
479 2518 541 2588 sub
560 2516 698 2606 infesta,
715 2515 810 2587 nullo
830 2517 932 2607 duce,
953 2534 986 2587 et
1003 2518 1099 2588 hoste
1117 2521 1332 2614 propinquo,

356 2638 433 2709 Sola
449 2664 511 2734 per
525 2630 672 2708 offensus
691 2659 876 2724 armorum,
894 2654 929 2709 et
945 2638 1072 2709 lubrica
1088 2641 1167 2709 tabo

356 2761 537 2849 Gramina,
556 2786 626 2830 non
641 2760 816 2847 tenebras,
834 2783 902 2829 non
920 2760 1119 2830 circumfusa
1137 2765 1329 2833 tremiscens

355 2878 504 2951 Concilia
515 2880 724 2966 umbrarum,
737 2894 837 2973 atque
848 2882 976 2951 animas
983 2906 1044 2951 sua
1053 2884 1394 2977 'membragementes

355 3005 451 3097 Saepe
467 3001 574 3097 gradu
595 3001 843 3096 caecopferrum,
860 2998 1054 3097 calcataque
1073 3003 1139 3087 tela

355 3112 570 3211 Dissimulet,
589 3120 745 3217 solusque
762 3121 858 3192 labor
874 3122 980 3193 vitare
993 3124 1160 3218 jacentes,

353 3247 445 3315 Dum
464 3243 565 3313 funus
585 3258 682 3340 putat
697 3268 796 3313 omne
812 3270 933 3331 suum,
949 3247 1092 3340 visuque
1110 3250 1220 3342 sagaci
1261 3325 1264 3330 Α

354 3367 508 3445 Rimatur
525 3366 671 3460 positos,
688 3378 722 3433 et
738 3390 881 3461 corpora
899 3392 1006 3461 prona
1024 3370 1161 3464 supinat

354 3487 576 3567 Incumbens,
594 3488 815 3581 queriturque
831 3512 952 3581 parum
970 3487 1157 3560 lucentibus
1175 3493 1280 3560 astris.

399 3612 499 3677 Forte
516 3608 715 3703 soporiferas
734 3606 808 3677 ooeli
829 3624 956 3689 secreta
973 3634 1033 3705 per
1048 3612 1185 3680 ¹umbras

351 3735 457 3819 Juuo,
474 3730 549 3799 sinu
568 3730 681 3825 magni
700 3746 804 3800 semet
825 3730 935 3801 furata
953 3734 1082 3821 mariti,

351 3850 494 3921 Theseos
510 3849 555 3921 'ad
576 3874 707 3939 muros,
725 3867 763 3920 ut
780 3850 916 3922 Pallada
934 3853 1101 3943 flecteret,
1120 3856 1207 3945 ibat,

353 3970 629 4066 Supplicibusque
647 3973 717 4068 piis·
728 3972 840 4043 faciles
858 3976 1003 4071 aperiret
1024 3977 1197 4047 Athenas:
