2934 4950
42 487 143 551 uus.)
332 484 545 543 rueramus
564 485 674 543 usna
692 484 746 540 rx„
1014 472 1068 532 155

42 614 121 682 Heus
138 610 274 680 ubinam
292 608 348 679 itte
367 610 524 704 frequens
540 609 640 679 modo
656 610 745 678 circa
764 599 1010 676 limina’rnatris

43 730 207 799 Ambitus?
224 744 423 823 orantesque
442 730 503 799 tibi
522 732 646 803 servire
666 726 818 824 Napeae?

44 854 104 919 Cur
124 874 215 919 nunc
235 865 267 919 te
284 848 401 918 melius
421 874 507 919 saevo
525 874 679 919 mensura
698 846 866 943 profirndo

45 969 198 1066 Amplexu
219 972 340 1039 misero
357 968 510 1057 tumulis,
530 972 681 1068 Crenaee,
700 984 856 1064 reporto,

44 1093 109 1161 Nou
129 1090 234 1160 mihi?
251 1114 315 1185 nec
333 1104 431 1159 tantae
452 1089 571 1185 pudet,
585 1088 668 1159 heu!
687 1090 889 1183 miseretque
907 1088 1030 1174 ruinae,

47 1216 129 1281 Dure
146 1212 290 1306 parens?
309 1236 382 1306 quae
400 1226 434 1281 te
449 1210 516 1281 alta
535 1226 568 1282 et
587 1209 808 1281 ineluctabilis
825 1211 895 1280 imo
957 1290 961 1295 .

47 1332 198 1401 Condidit
214 1356 311 1401 amne
330 1330 443 1427 palus?
457 1356 525 1430 quo
541 1334 611 1426 jani
630 1357 690 1401 nec
709 1331 814 1401 cnido
829 1331 962 1425 nepotis

48 1457 185 1540 Funera,
205 1440 269 1522 nec
284 1454 389 1523 nostri
406 1451 538 1523 ualeant
555 1476 773 1548 perrumpere
789 1448 964 1546 planctus?

48 1577 124 1643 Ecce
142 1573 241 1661 fluit,
258 1574 427 1667 jactatque
444 1588 504 1643 tuo
519 1598 555 1643 se
573 1574 609 1643 iu
626 1575 757 1669 gurgite
770 1573 879 1665 major

49 1692 277 1790 Hippomedon
297 1721 305 1762 :
325 1692 419 1764 illum
432 1676 584 1789 'ripaeque
601 1692 766 1787 undeque
781 1693 993 1770 tremiscunt,

49 1812 133 1885 Illius
151 1814 297 1909 impulsu
314 1790 465 1895 nostruin
483 1816 568 1885 bibit
586 1814 678 1884 unda
696 1838 861 1884 cruorem.

50 1938 92 2005 Tu
109 1938 218 2031 piger,
238 1950 271 2004 et
285 1936 435 2005 trucibus
456 1934 561 2005 tacitis
579 1937 703 2004 servire
720 1933 878 2031 Pelasgis.

51 2056 93 2125 td
113 2058 244 2125 cineres
261 2054 394 2144 saltem,
412 2078 630 2151 supremaque
648 2056 739 2149 justa
755 2070 889 2124 tuorum

52 2178 135 2244 Saeve
154 2176 254 2261 veni,
268 2200 337 2245 non
352 2174 407 2245 hic
426 2173 535 2245 solum
551 2198 728 2245 accensure
744 2190 941 2269 nepotem.»

95 2296 158 2365 His
175 2298 292 2366 miscet
310 2294 482 2391 planctus,
502 2292 710 2389 multumque
729 2294 868 2390 indigna
885 2307 1037 2363 cruentat

53 2418 212 2486 Pectora:
233 2413 383 2486 caeruleae
397 2414 550 2492 referunt
567 2414 713 2484 lamenta
733 2438 876 2485 sorores.

54 2537 204 2626 Qualiter
220 2513 399 2608 Isthmiaco
415 2535 567 2607 nondum
584 2536 730 2606 Nereida
750 2551 851 2631 portu

56 2659 264 2727 Leucothean
282 2656 443 2752 planxisse
460 2657 590 2746 ferunt,
610 2657 690 2726 dum
707 2673 843 2752 pectore
861 2654 981 2725 anbelo

56 2778 205 2873 Frigidus
223 2781 257 2847 in
277 2793 415 2848 matrem
431 2803 553 2849 saevum
570 2803 661 2848 mare
674 2779 800 2873 respuit
818 2777 938 2847 infans.

102 2903 145 2968 tt
161 2911 255 2993 pater
269 2923 389 2968 arcano
407 2899 556 2969 residens
567 2903 715 2969 ismenos
731 2901 767 2967 in
786 2913 903 2984 anuo,

59 3018 154 3087 Unde
174 3043 283 3106 aurae,
302 3019 474 3113 nubesque
490 3019 623 3107 bibunt,
644 3034 743 3113 atquc
761 3017 911 3110 imbrifer
931 3020 1035 3086 Arcus

60 3142 223 3227 Pascitur,
244 3153 277 3207 et
293 3140 410 3233 Tyrios
427 3138 545 3209 melior
563 3141 657 3209 venit
674 3164 782 3210 annus
800 3140 835 3218 in
854 3162 971 3233 agros,

60 3263 106 3328 Ut
121 3259 266 3329 lamenta
283 3258 400 3353 procul
418 3259 626 3355 (quanquam
640 3259 804 3353 obstrepit
823 3257 907 3353 ipse)
923 3278 1095 3348 novosque
1219 3358 1222 3365 .

62 3380 197 3473 Accepit
214 3393 299 3448 natae
320 3380 480 3473 gemitus,
498 3377 585 3448 levat
598 3404 714 3473 aspera
730 3403 846 3448 musco

63 3497 173 3584 Colla,
194 3523 393 3595 gravemque
411 3497 485 3594 gelu
501 3500 643 3587 crinem,
663 3499 847 3592 ceciditque
867 3496 975 3568 soluta

64 3621 162 3688 Pinus
181 3618 295 3690 adulta
312 3644 430 3708 manu,
447 3619 647 3714 dimissaque
664 3617 812 3687 volvitur
830 3643 924 3688 urna.

64 3738 161 3808 lllum
179 3765 239 3835 per
258 3742 347 3835 ripas
367 3765 494 3810 annoso
509 3766 645 3836 scrupea
666 3740 746 3810 limo

67 3863 136 3926 Ora
153 3875 354 3930 exertantem
373 3859 479 3949 silve,
498 3861 656 3956 fluviique
675 3863 818 3930 minores

67 3979 232 4048 Mirantur
250 4007 259 4048 ε
277 3995 389 4050 tantus
406 3981 535 4050 tumido
552 3981 594 4050 de
613 3983 744 4078 gurgite
763 3983 889 4077 surgit,

67 4099 263 4192 Spumosum
282 4099 437 4172 attollens
454 4102 603 4196 apicem,
623 4100 784 4197 lapsuque
804 4126 926 4172 sonoro
