2934 4950
371 451 426 517 164
668 451 882 506 THEBAIDOS
902 448 1013 504 LIBER
1036 448 1089 503 nt.
1296 442 1402 505 f'·⁶55·)

365 579 523 665 Tartara,
542 591 574 645 et
592 579 626 646 iu
645 595 767 648 memet
783 601 897 650 versos
916 573 1115 644 descendere
1134 570 1271 641 vultus:

365 699 436 770 Nec
453 701 544 770 tenui
565 725 699 786 currus,
718 716 881 793 terraeque
897 699 1040 792 abrupta
1058 697 1168 791 coegi,

367 823 479 890 Saevus
497 845 573 915 ego,
593 823 844 916 immeritusque
857 819 932 891 coli.
952 821 1119 914 Lugentia
1134 819 1242 886 cernis

364 945 489 1032 Antra,
506 969 612 1030 soror,
630 959 805 1038 mutasque
822 942 940 1012 domos
957 970 965 1011 :
985 942 1055 1011 haec
1072 939 1144 1010 sola
1162 936 1313 1033 rependo

365 1069 465 1137 Dona
483 1069 539 1160 pio
556 1069 668 1138 comiti
687 1094 695 1136 :
714 1083 829 1137 noctu
847 1067 997 1161 peritura
1016 1088 1153 1132 movere

306 1279 308 1284 Ι
366 1188 516 1276 Auxilia,
531 1205 565 1259 et
584 1205 718 1260 moestos
736 1191 771 1258 in
789 1213 913 1257 vanum
932 1210 1033 1281 perge
1049 1184 1191 1254 labores.

365 1311 456 1380 Finis
474 1309 569 1381 adest
583 1312 722 1404 juveni:
742 1335 811 1383 non
829 1312 894 1379 hoc
914 1307 1076 1378 mutabile
1093 1305 1218 1386 fatum;

365 1432 436 1502 Nec
456 1448 488 1502 te
508 1458 598 1502 nuuc
615 1431 724 1503 dubiis
743 1433 891 1503 fraterna
910 1429 1047 1501 oracula
1065 1427 1195 1498 fallunt
1212 1456 1229 1489 ιι

414 1559 489 1624 «At
508 1553 607 1624 decus
625 1571 808 1625 extremum
828 1555 967 1640 misera,
986 1549 1123 1621 confusa
1143 1549 1291 1617 vicissim

365 1678 474 1770 Virgo
492 1675 613 1764 refert,
632 1676 791 1771 duraeque
809 1673 885 1745 licet
901 1673 1019 1744 solatia
1038 1673 1139 1741 morti

367 1798 553 1885 Quaerere:
572 1823 632 1867 nec
652 1797 758 1893 fugiet
775 1823 905 1892 poenas,
926 1799 1117 1890 quicunque
1134 1792 1314 1862 nefandam

366 1919 513 1988 Insontis
533 1921 628 2013 pueri
649 1908 817 1987 scelerarit
834 1919 996 2014 sanguine
1017 1917 1168 1985 dextram

368 2041 496 2135 Impius
515 2066 521 2108 :
540 2055 573 2108 et
591 2043 714 2110 nostris
733 2039 781 2108 fas
800 2041 843 2109 sit
861 2043 977 2109 saevire
995 2040 1135 2134 sagittis.
1152 2068 1169 2102 ιι

417 2165 472 2232 Sic
489 2161 589 2232 effata
603 2178 717 2234 movet
734 2188 885 2258 gressus,
905 2161 1106 2256 libandaque
1125 2162 1222 2230 fratri

367 2285 503 2354 Parcius
520 2311 577 2355 ora
599 2286 692 2375 tulit,
709 2287 907 2379 Thebasque
925 2286 1046 2355 infesta
1067 2287 1193 2380 petivit.

417 2412 461 2478 At
478 2434 591 2505 pugna
610 2411 732 2505 ereptis
751 2409 860 2503 major
877 2406 1043 2478 crudescit
1062 2410 1231 2501 utrimque

369 2532 536 2627 Regibus,
558 2532 769 2625 alternosque
786 2534 852 2600 ciet
869 2531 1017 2601 vindicta
1038 2530 1180 2600 furores.

370 2656 518 2750 Hypseos
536 2655 615 2723 hinc
635 2670 769 2742 turmae,
796 2652 1048 2747 desolatumque
1064 2656 1225 2750 magistro

371 2782 519 2873 Agmen,
539 2792 573 2844 at
589 2776 668 2845 hinc
689 2777 823 2871 gravius
843 2775 956 2846 fremit
972 2776 1254 2871 Hippomedontis
1271 2774 1380 2845 ademti

370 2898 462 2967 Orba
482 2898 602 2967 cohors
619 2923 626 2963 ι
642 2898 790 2992 praebent
809 2898 924 2967 obnixi
944 2913 1081 2992 pectora
1102 2897 1214 2967 ferro:

370 3018 462 3087 Idem
482 3018 583 3087 ardor
600 3018 724 3087 rabidis
744 3034 920 3089 externum
938 3018 1073 3088 haurire
1090 3044 1262 3108 cruorem,

371 3146 419 3210 Ac
439 3140 563 3209 fudisse
581 3165 678 3209 suum
696 3166 704 3208 :
724 3166 784 3209 nec
801 3168 836 3211 se
851 3143 991 3237 vestigia
1008 3157 1149 3211 mutant.

371 3265 445 3330 Stat
462 3287 569 3330 cuneo
586 3259 695 3331 defixa
714 3264 817 3349 acies,
837 3264 993 3357 hostique
1010 3279 1149 3334 cruento

371 3384 462 3452 Dant
475 3384 621 3471 animas,
643 3400 676 3452 et
693 3400 785 3480 terga
799 3401 923 3481 negant
940 3413 947 3455 :
964 3410 1068 3480 quum
1084 3384 1177 3480 lapsa
1194 3412 1256 3481 per
1274 3408 1362 3455 arrras

372 3506 509 3574 Vertice
523 3486 644 3575 Dircaei
663 3504 761 3574 velox
769 3508 920 3576 Latonia
938 3508 1061 3575 montis

371 3626 511 3697 Adstitit
528 3654 535 3695 :
554 3642 743 3723 agnoscunt
756 3627 878 3716 colles,
897 3642 1080 3722 notamque
1097 3633 1259 3701 tremiscit

373 3748 463 3819 Silva
481 3752 608 3837 Deam,
629 3751 722 3819 saevis
741 3750 797 3818 ubi
814 3749 984 3843 quondam
999 3765 1112 3825 exerta
1132 3754 1261 3850 sagittis

372 3874 398 3941 F
400 3871 576 3941 oecundam
595 3868 681 3941 lasso
698 3872 832 3944 Nioben
851 3890 1079 3942 consumserat
1097 3898 1189 3944 arcu.

374 4074 376 4083 Ι
422 3992 522 4063 Illum
541 3994 627 4063 acies
645 3995 732 4062 inter
752 3993 894 4080 medias,
910 3995 980 4088 jam
1001 3993 1090 4063 caede
1112 3996 1308 4089 superbum,

374 4116 514 4185 Nescius
531 4140 716 4203 armorum,
734 4132 767 4183 et
782 4116 906 4211 primas
921 4132 1003 4185 tunc
1020 4142 1137 4211 passus
1155 4116 1298 4186 habenas
