2934 4950
309 467 350 522 ΙΝ
371 470 401 523 P.
423 471 453 524 P.
476 469 602 526 STh'l'll
622 471 729 528 THEB.
754 472 824 528 LIB.
846 472 915 527 xlt.
1075 473 1132 541 36⁵

82 595 225 662 tangatur
238 585 294 642 hoc
308 588 374 643 loco
387 588 503 664 mythos
517 588 620 662 aliquis
633 589 670 645 de
683 590 810 665 Olyntho
822 591 924 662 heroe,
943 609 1028 666 quem
1041 593 1134 669 Olyn-

80 676 163 733 thios
178 695 300 751 quoquo
314 679 403 734 modo
419 680 634 738 Atheniensium
655 681 743 738 rebus
756 681 882 757 antiquis
901 682 1057 741 immiscere
1072 695 1134 742 stu-

81 770 184 827 duisse
205 771 355 845 probabile
373 783 423 828 est.
445 775 534 848 Cujus
555 773 598 830 rei
620 793 658 831 an
676 773 796 851 vestigia
822 787 932 832 exstent
952 777 983 832 in
1005 788 1133 834 veterum

80 862 260 937 scriptorum
276 863 422 939 reliquiis,
441 886 570 941 quaerere
588 887 665 923 nunc
682 887 744 923 non
764 879 862 940 vacat,
880 888 976 944 neque
994 871 1134 928 Voemelii

81 965 115 1011 et
128 955 153 1012 si
168 955 219 1030 qui
232 955 280 1012 alii
298 957 335 1014 de
349 959 477 1033 Olyntho
490 957 580 1017 libelli
593 959 631 1016 ad
642 978 759 1016 manum
772 971 847 1017 sunt

124 1050 211 1104 Hunc
223 1053 311 1127 vulgo
324 1048 362 1129 (v.
375 1049 453 1129 512).
465 1053 631 1110 BeneWeh.
642 1072 677 1110 ex
691 1057 759 1112 PR:
774 1055 876 1120 «Huc,
893 1055 1029 1128 vulgos..
1038 1057 1134 1112 Dere-

79 1140 181 1199 niunt.
192 1165 208 1193 a
221 1144 322 1199 Paullo
334 1154 417 1217 post,
430 1163 457 1202 v.
477 1141 533 1211 514
544 1188 553 1218 ,
566 1146 679 1222 egregie
689 1146 821 1203 Barthius
835 1145 966 1202 distinxit
979 1166 986 1200 :
1005 1148 1032 1198 V
1031 1149 1064 1202 in
1072 1149 1113 1204 ibi
1124 1170 1134 1203 .·

79 1235 215 1304 sedatis,
231 1247 300 1308 etc,
315 1247 345 1293 et
362 1237 502 1294 sententia
518 1238 682 1312 postulante
696 1248 724 1295 et
738 1239 776 1294 de
793 1258 875 1295 more
889 1239 980 1296 Statii.

126 1329 291 1386 Emendare
304 1327 342 1406 (v.
363 1328 440 1407 551).
456 1330 637 1407 «Castigare.
652 1333 797 1389 Putahant
811 1332 887 1389 enim
904 1351 934 1388 se
948 1330 1097 1406 perfidiam
1106 1343 1134 1390 et

78 1421 236 1480 libidinem
249 1423 454 1480 Thebanorum
469 1424 656 1501 castigaturus
675 1446 683 1480 ε
705 1445 768 1501 quo
781 1427 858 1482 lacto
878 1436 1014 1502 poterant
1033 1446 1134 1500 super-

81 1515 171 1588 dere,
181 1535 271 1591 quum
284 1516 341 1573 sint
353 1516 585 1574 inemendabiles.
597 1543 609 1569 a
619 1520 720 1576 Gnoss.
730 1521 764 1575 V.
774 1519 896 1594 praeced.
906 1521 976 1596 Reg.
990 1538 1016 1589 r,
1024 1522 1132 1576 moven'.

127 1612 434 1685 Alimentaquevcstra
447 1608 486 1688 (v.
503 1607 581 1689 557}
597 1613 749 1670 «Cereales
762 1612 872 1688 fruges,
886 1613 995 1670 anobis
1007 1614 1133 1670 humano

80 1700 186 1780 generi
204 1702 433 1760 communicatas
444 1727 460 1756 a
475 1705 573 1761 Gnoss.

124 1797 195 1852 lam
211 1796 338 1852 corninus
352 1792 392 1874 (v.
410 1794 488 1873 666).
504 1799 559 1854 ΜΒ
574 1807 602 1853 et
616 1796 688 1854 alins
707 1816 715 1854 ε
732 1820 748 1850 ι
755 1797 870 1871 jamque
883 1800 1009 1867 emmas,
1021 1824 1033 1848 ι·
1051 1799 1134 1875 quod

79 1889 195 1966 probat
207 1889 304 1945 Barth.
323 1890 362 1945 ob
380 1909 406 1945 r.
424 1890 496 1962 248,
511 1901 540 1946 et
555 1891 685 1965 reposuit
699 1889 868 1948 Wakefield.
883 1895 926 1948 ad
939 1894 1065 1960 meme,
1084 1911 1135 1963 rr,

87 1989 178 2050 rarll.
194 1985 229 2039 In
244 1985 321 2060 vulg.
338 1985 471 2058 suppleas
488 2005 495 2039 :
512 2005 575 2060 quae
588 1995 662 2041 sunt.

130 2077 275 2150 Quamnam
286 2076 388 2132 etenim
405 2074 443 2154 (r.
460 2075 538 2156 568).
552 2061 645 2135 Iidem
660 2099 667 2133 :
682 2080 854 2148 «Quantum
868 2081 963 2134 etiam.
972 2101 989 2129 s

128 2168 329 2246 Anurhospita
343 2169 380 2247 (v.
399 2170 475 2249 582).
492 2172 613 2243 Hecale,
629 2191 693 2247 quae
707 2172 917 2229 adolescentem
925 2171 1067 2227 'l'heseum
1082 2172 1134 2227 ho-

82 2261 175 2340 spitio
190 2274 339 2339 acceperat
352 2264 463 2340 (Pron,
484 2265 516 2320 V.
534 2265 627 2331 lber,
640 2284 663 2320 c.
677 2262 751 2343 111).
766 2266 825 2323 Sed
842 2285 906 2340 quae
921 2282 966 2319 res
983 2265 1031 2320 hic
1042 2265 1136 2339 respi-

84 2357 191 2430 ciatur,
205 2357 346 2413 nonsatis
364 2359 519 2432 cognitum.

129 2453 276 2508 Pennoeus
287 2451 423 2525 lacrymis
432 2449 469 2526 (v.
492 2447 570 2527 589).
590 2453 645 2507 ΜΒ
669 2471 676 2507 2
692 2452 783 2508 Poenc
797 2467 910 2506 movens
921 2453 1073 2523 lacmncs.

129 2546 249 2622 Phegeu
263 2542 301 2620 (v.
312 2541 391 2622 596).
406 2548 460 2601 ΜΒ
474 2556 503 2602 et
516 2546 584 2602 Beh.
597 2562 630 2599 a:
641 2545 785 2620 Phlegon,
795 2553 830 2599 ut
842 2545 938 2617 plnres
950 2544 1019 2599 libri
1028 2565 1053 2600 v.
1067 2544 1135 2603 681.

128 2640 226 2696 Metus
237 2637 359 2710 Libycos
375 2633 413 2712 (v.
429 2637 508 2714 606).
523 2640 567 2694 De
580 2636 721 2712 anguibus
734 2637 871 2711 incapite
890 2635 1025 2692 Medusa.

127 2733 209 2787 licus
222 2726 350 2807 (u6aa).
368 2732 436 2803 ΜΒ,
451 2734 546 2787 Burm.
566 2750 590 2802 r,
606 2749 623 2786 n
640 2730 767 2801 Behott.,
783 2748 799 2784 a
815 2731 904 2806 liegg.
914 2751 920 2785 :
931 2733 1035 2796 Alcas,
1054 2730 1137 2787 etsie

85 2822 350 2895 anaemaris,
364 2824 415 2899 qui
425 2825 511 2881 verba
521 2834 598 2881 recte
614 2823 653 2879 ita
667 2822 811 2898 concipit:
826 2846 842 2875 a
856 2823 982 2892 Quidam
995 2824 1073 2879 hunc
1085 2842 1136 2879 re-

85 2938 153 2995 gem
163 2918 334 2974 voluntesse
344 2920 462 2995 Tegeae,
479 2902 659 2988 auxiliarem,
669 2935 725 2972 non
740 2917 831 2973 civem
853 2915 899 2994 [sc.
914 2915 1108 2993 Athenamml.
1124 2942 1136 2967 ι

86 3011 146 3068 Sed
164 3011 267 3068 falsum
281 3009 354 3081 hoc,
371 3010 440 3084 quia
457 3012 545 3066 Aleus
560 3011 685 3065 athenas
697 3008 861 3083 pervenisse
880 3026 1021 3082 nusquam
1037 3009 1137 3081 perhi-

86 3106 183 3162 betur.
203 3102 369 3159 Lectionem
392 3106 470 3159 Ilens
484 3102 655 3177 interpreter
676 3101 824 3158 deducunt
837 3102 874 3157 ab
897 3101 962 3172 llei,
976 3099 1034 3156 sive
1046 3109 1137 3173 Εἰλιοί,

88 3195 173 3273 quod
185 3204 272 3276 χωρίον
281 3208 420 3252 memorat
437 3199 572 3269 Pansam,
591 3216 632 3268 u,
649 3194 700 3266 64,
718 3200 732 3265 s
750 3203 766 3262 l
787 3216 793 3251 :
811 3195 861 3251 sed
878 3193 949 3269 quid
960 3193 1009 3249 hic
1022 3186 1154 3250 sibive-⁸

87 3292 144 3346 lint
154 3288 392 3347 Hermionensea?
405 3292 439 3345 In
455 3288 655 3347 Hermionensi
665 3288 740 3345 enim
750 3306 820 3365 agro
832 3294 911 3350 Εἰλεοὶ
919 3287 965 3343 siti
975 3297 1048 3343 sunt.
1059 3286 1138 3343 Nihil

88 3384 178 3461 igitur
199 3396 308 3439 restare
328 3382 444 3439 ridetur
463 3402 550 3459 quam
570 3394 605 3438 ut
624 3386 725 3439 Aliena
743 3373 913 3450 scribamus,
936 3400 952 3435 e
968 3384 1042 3459 δήμῳ
1061 3382 1137 3452 Ᾰλαὶ,

88 3479 192 3546 hurum
206 3476 265 3533 sive
279 3478 382 3556 Ᾰλᾳιὺς,
397 3488 528 3551 correpta
541 3476 700 3552 penultima
715 3476 754 3531 ob
768 3494 826 3550 seq.
844 3475 979 3530 vocalem

134 3570 274 3626 Thalamo
288 3570 324 3645 (v,
340 3570 418 3647 638).
433 3573 487 3626 ΜΒ
505 3590 513 3626 r
528 3569 673 3624 thalamis.
688 3568 769 3624 Alius
783 3588 790 3622 ε
815 3568 922 3623 Veneri.

129 3664 285 3721 Poetmrum
304 3664 428 3719 exercita
449 3664 550 3719 Thebis
563 3660 601 3739 (a.
617 3660 694 3737 646).
712 3679 729 3715 a
750 3661 847 3716 Barth.
864 3671 892 3716 et
914 3658 1007 3715 alius:
1031 3680 1046 3707 α
1059 3657 1137 3712 The-

90 3761 190 3815 barum
203 3757 328 3813 exercita
335 3758 447 3834 poenas,
465 3780 480 3808 n
495 3774 655 3830 perperam.

130 3855 275 3925 Augustae
293 3854 394 3927 clypco
415 3848 453 3925 (v.
471 3847 550 3927 666).
575 3840 666 3916 ¹«Qua
680 3846 729 3901 ille
750 3842 899 3920 procedit,
916 3844 1072 3900 densantur
1085 3860 1138 3917 ag-

90 3946 169 4003 mina
188 3944 228 4000 ob
243 3944 304 4017 ejus
322 3944 435 3999 molem.
447 3967 462 3995 a
481 3946 579 3999 Gnoss.
596 3944 691 3997 llccte.
714 3938 771 3994 Alii
790 3936 924 4014 :agmina
948 3935 1069 3992 includit
1090 3936 1138 3991 in-

91 4041 202 4112 sculpta
219 4036 302 4093 brevi
318 4039 426 4111 clypeo.
855 4105 858 4113 Ι

134 4132 186 4187 Bis
197 4131 307 4187 Thesea
322 4130 358 4206 (v.
370 4128 448 4209 673).
462 4130 569 4205 Supple
579 4148 594 4185 c
605 4127 802 4203 superioribus
819 4146 826 4181 :
841 4136 936 4182 terror
944 4121 1139 4180 estiisvidere.
