2934 4950
91 402 126 464 (r.
142 399 212 463 205.)
392 395 649 453 ACHILLEIDOS
668 394 781 450 LIBER
801 394 839 448 11.
1080 390 1137 468 289

90 530 166 595 Jam
181 524 333 620 clypeus,
347 524 548 616 breviorque
566 546 669 590 manu
689 520 899 590 consumitur
918 517 1029 606 hasta,

91 649 104 743 (
119 649 208 716 Mira
222 643 320 739 fides)
332 645 555 740 Ithacumque
570 643 717 714 humeris
732 641 890 712 excedere
909 643 1015 729 visus,

79 765 310 860 ·AEtolnmqne
327 765 445 840 ducem
463 792 471 834 :
488 780 620 836 tantum
637 765 747 836 subita
766 790 877 853 arma,
896 762 1053 859 calorque
1161 815 1166 818 -

90 890 237 959 Martius
256 887 425 958 horrenda
444 888 620 958 confundit
634 886 707 958 luce
725 884 881 983 penates!
984 937 990 949 ⁴

90 1013 320 1106 immanisque
337 1011 462 1108 gradm
480 1036 541 1082 ceu
557 1012 709 1106 protinus
729 1014 875 1080 Hectora
888 1033 1045 1103 poscens,

91 1135 167 1204 Stat
183 1132 312 1202 medius
330 1131 520 1231 trepidante
535 1133 647 1203 domo.
662 1131 772 1203 Peleia
787 1134 883 1229 virgo

92 1255 281 1344 Quaeritur.
298 1257 359 1325 Ast
373 1253 438 1325 alia
452 1253 631 1351 plangebat
645 1271 740 1352 parte
756 1270 899 1324 retectos

91 1375 272 1447 Deidamia
287 1375 399 1466 dolos,
413 1378 509 1472 cujus
523 1404 627 1473 quum
643 1377 784 1474 grandia
799 1379 945 1472 primum

90 1501 274 1592 Lamenta,
296 1515 330 1569 et
350 1515 446 1570 notas
468 1501 597 1594 accepit
615 1515 750 1595 pectore
773 1525 889 1587 voces,

89 1621 212 1708 Haesit,
235 1636 268 1692 et
284 1619 419 1692 occulto
442 1623 549 1692 virtus
571 1624 713 1693 infracta
732 1621 843 1693 calore
863 1639 923 1693 est.
1046 1652 1053 1658 ·

89 1743 248 1812 Dimittit
264 1742 433 1838 clypeum,
455 1745 609 1839 regisque
625 1744 667 1814 ad
682 1744 809 1814 lumina
827 1770 956 1831 versus,

90 1867 287 1935 Attonitum
304 1865 394 1952 fatis,
412 1867 617 1963 inopinaque
639 1883 790 1937 monstra
808 1882 1002 1962 paventem,

89 1988 188 2056 Sicut
207 2001 293 2076 erat,
317 1987 434 2056 mediis
450 1988 671 2083 Lycomedem
690 1988 814 2060 affatur
826 1991 868 2057 'in
886 1990 1011 2057 armis:

147 2137 164 2172 α
184 2111 241 2178 Me
256 2108 335 2197 tibi,
351 2134 428 2179 care
443 2125 551 2205 pater,
566 2110 706 2181 dubium
723 2111 856 2182 dimitte
869 2112 1040 2191 timorem,

92 2232 155 2299 Me
170 2229 287 2299 Thetis
300 2229 389 2302 alma
403 2231 494 2302 dedit
510 2259 517 2301 ε
534 2247 567 2302 te
581 2233 711 2328 pridem
726 2249 820 2303 tanta
834 2233 989 2302 manebat

93 2350 216 2421 Gloria
235 2378 243 2420 :
263 2353 438 2448 quaesitum
453 2356 577 2424 Danais
592 2369 629 2424 tu
652 2356 757 2424 mittis
770 2353 950 2442 Achillem,

95 2476 237 2546 Gratior
250 2490 284 2545 et
296 2500 437 2572 magno,
452 2478 480 2547 si
495 2476 544 2547 fas
558 2478 695 2567 dixisse,
713 2493 869 2572 parente,

79 2602 141 2669 'Et
157 2597 246 2668 dulci
261 2599 408 2669 Chirone
420 2599 502 2669 mihi
525 2626 533 2670 ε
554 2598 610 2669 sed
628 2600 731 2672 corda
748 2626 931 2695 parumper

93 2725 174 2791 Huc
188 2720 323 2791 adverte
336 2719 461 2810 libens,
477 2736 577 2816 atque
590 2721 650 2791 has
665 2721 773 2792 bonus
788 2724 900 2816 accipe
914 2746 1021 2792 voces.

96 2847 146 2913 Te
162 2842 280 2913 Peleus
293 2858 373 2913 nato
391 2869 560 2931 socerum,
582 2858 615 2914 et
628 2844 743 2914 Thetis
761 2843 893 2939 hospita
904 2845 1068 2938 jungunt,

98 2965 322 3061 Allegantque
336 2990 413 3036 suos
430 2980 572 3061 utroque
589 2991 609 3034 a
625 2968 788 3062 sanguine
806 2967 922 3036 Divos.

100 3091 217 3159 Unam
234 3090 385 3185 virgineo
403 3104 558 3159 natarum
573 3114 614 3161 ex
630 3090 762 3185 agmine
781 3104 933 3185 poscunt.

100 3208 242 3281 Dasnel
261 3237 305 3281 an
322 3236 383 3281 nos
402 3210 545 3281 humiles
563 3212 623 3280 tibi
645 3210 1089 3308 degeneresquevidemur?
1161 3282 1166 3289 ,

41 3396 44 3403 .
99 3336 183 3405 Non
201 3335 314 3404 renuis
333 3332 460 3429 :junge
479 3360 558 3430 ergo
580 3358 719 3424 manns,
740 3352 774 3405 et
790 3336 929 3429 concipe
947 3331 1076 3422 foedus,
1103 3351 1105 3354 ’

101 3463 214 3549 Atque
232 3456 367 3551 ignosce
383 3455 449 3525 tuis
467 3482 475 3523 :
499 3459 600 3527 tacito
614 3458 684 3551 jam
701 3458 836 3552 cognita
855 3458 945 3528 furto
993 3468 997 3475 ’

95 3579 278 3651 Deidamia
297 3581 379 3649 mihi
400 3606 408 3649 :
430 3580 504 3673 quis
524 3582 613 3649 enim
633 3580 685 3648 his
701 3581 834 3650 obstare
852 3581 1003 3670 lacertis,

102 3705 190 3793 Quae
209 3703 320 3797 potnit
338 3717 468 3771 nostras
490 3726 638 3796 possessa
656 3700 796 3773 evadere
815 3704 989 3794 flammas?

101 3830 163 3897 Me
183 3822 275 3893 luere
295 3824 357 3901 ista
373 3823 457 3918 -jube
478 3850 485 3893 :
505 3836 596 3918 pono
616 3848 724 3913 anna,
746 3807 784 3893 et
799 3824 903 3895 reddo
924 3824 1107 3919 Pelasgis,

102 3955 149 4021 Et
163 3973 284 4019 maneo
302 3974 310 4017 :
330 3946 411 4043 quid
431 3948 524 4017 triste
541 3946 677 4017 fremis?
696 3946 778 4042 quid
799 3947 927 4017 lumina
947 3946 1083 4018 mutas?

100 4079 178 4145 lam
193 4096 287 4142 socer
305 4096 339 4141 es
355 4069 485 4167 (natum
506 4085 582 4142 ante
599 4070 699 4166 pedes
716 4072 874 4166 projecit,
895 4085 928 4139 et
946 4069 1053 4162 addit)
1070 4098 1077 4138 :

253 4220 288 4266 ll.
976 4218 1017 4290 19
