2934 4950
296 465 352 534 294
584 447 840 508 acnututnos
863 447 977 506 ttettt
996 447 1033 502 11.
1227 447 1263 510 (r.
1279 447 1361 510 354.)
1455 502 1456 505 ¹

295 582 430 654 Ultores
451 607 458 648 :
481 580 557 674 quis
576 578 666 646 enim
685 571 827 670 genialia
845 572 970 642 foedera
991 575 1101 666 rumpi

295 709 403 799 Capta
424 701 526 788 dolis,
546 696 701 791 facilique
718 696 805 766 trahi
821 695 990 766 connubia
1006 709 1121 789 raptu,

296 831 367 897 Ceu
385 849 502 920 pecus,
521 835 771 907 armentumve,
787 831 847 888 aut
863 815 946 889 viles
965 818 1082 889 messis
1100 841 1239 886 acervos

221 983 224 994 ·
296 945 466 1018 Perserat?
484 945 554 1014 haec
571 957 605 1013 et
621 966 689 1010 non
708 941 809 1010 fortes
826 940 957 1034 jactura
972 954 1132 1014 moveret.

297 1072 376 1140 Non
396 1065 474 1137 tulit
490 1063 628 1136 insidias
646 1062 773 1133 Divum
791 1062 990 1157 imperiosus
1010 1064 1156 1156 Agenor,

297 1191 516 1285 Mugitusque
531 1209 657 1272 sacros,
679 1198 712 1252 et
730 1207 856 1278 magno
875 1184 1014 1255 nurnine
1032 1198 1158 1255 vectam

298 1312 439 1400 Quaesiit
458 1313 632 1403 Europen,
650 1319 915 1401 aspernatusque
931 1309 1119 1381 Tonantem
1136 1320 1187 1378 est

297 1437 347 1505 Ut
365 1456 523 1528 generum
542 1455 549 1498 t
568 1444 698 1524 raptam
717 1442 751 1498 et
767 1427 925 1521 Scythico
943 1427 984 1496 de
999 1426 1096 1498 litore
1115 1426 1244 1522 prolem

298 1558 375 1626 Non
396 1551 473 1623 tulit
490 1555 618 1639 AEetes,
636 1549 793 1643 ferroque
809 1563 844 1618 et
859 1546 963 1622 classe
979 1564 1112 1621 secutus

300 1676 471 1747 Semideos
489 1697 599 1768 reges,
615 1686 649 1741 et
667 1673 792 1745 ituram
811 1671 847 1739 in
866 1669 975 1748 sidera
994 1673 1144 1767 puppim.

299 1801 371 1869 Nos
390 1795 523 1892 Phryga
544 1793 739 1864 semivirum
755 1806 873 1888 portus
889 1806 923 1861 et
939 1790 1039 1862 litora
1058 1793 1184 1865 circum

300 1915 457 2013 Argolica
475 1917 600 1985 incesta
617 1911 814 1984 volitantem
833 1937 947 2007 puppe
967 1912 1132 1987 feremus?

300 2042 416 2131 Usque
427 2036 511 2104 adeo
522 2057 687 2127 nusquam
701 2057 795 2102 arma
805 2035 924 2128 etequi
934 2088 943 2121 ,
953 2033 1102 2129 fretaque
1116 2036 1205 2104 invia
1214 2037 1363 2106 Graiis?

301 2160 395 2252 Quid
411 2159 437 2228 si
457 2181 546 2227 nunc
565 2155 685 2250 aliquis
703 2156 822 2255 patriis
840 2170 1000 2250 rapturus
1016 2157 1060 2227 ah
1075 2159 1142 2227 oris

301 2281 500 2353 Deidamian
517 2293 587 2366 eat,
608 2276 811 2371 viduaquea
830 2276 908 2347 sede
929 2275 1067 2348 revellat

303 2404 509 2488 Attonitam,
526 2416 560 2469 et
576 2400 690 2496 magni
706 2398 907 2470 clamantem
925 2423 1047 2472 nomen
1065 2399 1226 2472 Achillis?
1241 2431 1261 2466 n

301 2525 397 2596 Illius
417 2524 458 2595 ad
474 2513 633 2619 capulum
648 2522 749 2592 rediit
764 2546 902 2608 manus,
918 2538 953 2592 et
972 2522 1073 2593 simul
1089 2525 1207 2619 ingens

303 2645 441 2743 Impulit
458 2669 516 2714 ora
532 2628 638 2713 rubor
654 2668 662 2711 z
680 2644 784 2712 tacuit
800 2658 978 2714 contentus
999 2642 1125 2716 Ulixes.

352 2767 486 2861 Excipit
503 2764 651 2835 OEnides
670 2790 678 2833 ε
698 2794 714 2827 α
729 2764 843 2854 Quin,
859 2790 881 2835 o
897 2763 1092 2862 dignissima
1107 2767 1181 2837 coeli

304 2889 500 2983 Progenies,
517 2886 669 2981 ritusque
686 2901 780 2970 tuos,
797 2884 1029 2982 elementaque
1048 2892 1163 2983 primae

305 3009 451 3099 lndolis,
470 3026 505 3080 et
519 3006 629 3079 valida
644 3031 724 3079 mox
742 3009 921 3080 accedente
935 3013 1095 3105 juventa,

304 3133 390 3223 Quae
407 3130 523 3201 solitus
540 3130 677 3199 laudum
693 3130 756 3199 tihi
771 3132 899 3201 semina
915 3132 1063 3226 pandere
1078 3134 1205 3205 Chiron

304 3254 515 3347 virtutisque
530 3252 656 3341 aditus,
672 3276 756 3346 quas
773 3253 922 3324 membra
939 3278 1062 3349 augere
1077 3282 1137 3351 per
1156 3270 1263 3343 artes,

306 3376 400 3465 Quas
421 3376 589 3458 animum,
606 3374 718 3453 sociis,
743 3372 955 3468 multumque
973 3376 1162 3448 faventibus
1179 3378 1240 3447 ede
1259 3405 1268 3446 :

306 3498 356 3565 Sit
371 3497 515 3589 pretium
530 3494 646 3589 longas
662 3496 798 3589 penitus
814 3498 969 3588 quaesisse
988 3524 1048 3592 per
1065 3499 1172 3569 undas

306 3620 450 3711 Scyron,
471 3616 573 3687 ethis
593 3616 693 3685 armis
712 3616 860 3709 primum
879 3618 1059 3689 intendisse
1079 3619 1232 3691 lacertos.
1250 3652 1270 3687 ν

329 3834 333 3843 ἱ
356 3740 470 3826 Quem
488 3739 603 3833 pigeat
620 3762 681 3807 sua
695 3736 783 3807 lacta
798 3737 915 3833 loqui?
932 3755 1044 3811 tamen
1061 3741 1117 3813 ille
1136 3741 1288 3813 modeste

307 3860 467 3948 Inchoat,
486 3859 663 3953 ambiguus
679 3857 844 3954 paullum,
863 3863 1067 3958 propiorque
1087 3880 1206 3936 coacto
1226 3892 1235 3933 ε

308 3985 454 4068 «Dicor,
471 3993 503 4049 et
521 3981 557 4048 in
574 3982 712 4069 teneris,
728 3996 763 4050 et
777 3982 888 4055 adhuc
904 3989 1129 4059 crescentibus
1145 3990 1261 4077 annis,

308 4100 485 4172 Thessalus
503 4116 540 4169 ut
558 4100 664 4194 rigido
683 4103 796 4171 senior
813 4130 867 4174 me
886 4124 999 4177 monte
1016 4113 1166 4206 recepit,
