2934 4950
354 411 394 466 IN
414 412 444 465 P.
467 412 497 464 P.
518 409 644 465 STATll
667 409 820 464 scutit.
842 412 912 465 LlB.
935 413 973 467 ΙΙ.
1125 413 1182 470 tsi

178 532 208 586 Si
220 531 334 586 nomina
348 523 464 604 quierat
479 525 516 606 (v.
528 526 585 604 56).
597 528 686 583 Unice
695 547 795 583 verum
804 529 886 602 quod
898 531 1026 604 praebent
1042 550 1058 585 a
1074 534 1182 610 Regg.:

136 649 150 672 a
165 625 188 678 si
204 643 232 678 n.
240 622 337 694 fhne,
349 647 361 670 ι
381 624 473 698 glossa
494 632 559 694 post
580 621 656 676 illata
676 621 871 693 depravatum.
896 623 1034 696 Expende
1054 634 1184 683 tenorem

138 715 278 772 orationis
291 735 306 771 a
320 735 347 770 ν.
364 713 418 786 54,
432 725 460 770 et
473 714 585 770 videbis
598 714 679 770 aliter
695 713 818 769 scribere
832 733 892 771 non
908 716 1035 790 potuisse
1051 719 1182 776 Statium.

144 811 267 879 Quaeras
281 807 376 862 inultis
390 807 426 864 de
441 807 532 863 causis
549 806 705 862 absurdum
720 817 772 862 est.-

182 903 249 958 tam
260 901 394 978 pater(v.
410 899 468 976 83).
488 903 609 976 sllqu.
627 921 633 954 :
651 923 666 950 s
682 902 774 972 Quum
787 910 879 973 pater,
894 924 907 950 s
923 900 1005 975 qnod
1021 921 1121 959 vanni
1135 907 1182 959 vi-

136 995 232 1063 detur,
246 1005 279 1050 ut
297 1013 323 1049 v.
341 994 378 1049 86
393 994 519 1068 ascripta
538 993 624 1050 lectio
641 1016 654 1042 ιι
674 993 782 1050 Barthii
803 1013 809 1047 ε
829 995 1045 1069 suppositisque.

180 1089 318 1142 Mensura
325 1086 450 1157 jacentis
464 1085 502 1164 (v.
518 1083 576 1162 89).
592 1088 640 1142 PR
654 1096 682 1142 et
697 1085 782 1143 codd.
792 1085 899 1141 Barthii
919 1105 926 1140 :
940 1085 1097 1157 jacentum.

182 1180 293 1236 Utinam
307 1179 380 1234 milii
392 1177 429 1256 (v.
454 1176 529 1256 son).
547 1181 618 1254 lleg.
639 1199 649 1234 l
668 1199 676 1234 ε
692 1203 707 1230 ι
721 1179 838 1236 Utinam
851 1192 880 1235 et
891 1179 999 1249 mihim
1013 1193 1042 1236 et
1057 1201 1084 1238 v.
1104 1183 1157 1240 105
1176 1206 1182 1240 :

135 1275 244 1330 celsa...
259 1268 400 1339 tissi-onte.

180 1369 324 1423 Possem...
342 1364 471 1436 juvarem
491 1365 529 1441 (v.
554 1363 629 1440 ¹⁰7)·
648 1367 737 1421 Recte
755 1365 923 1440 proscripsit
944 1365 1090 1424 inficetum
1106 1371 1182 1426 liunc

134 1479 249 1516 versum
262 1462 367 1529 Cion,
381 1478 477 1534 neque
491 1477 507 1514 a
523 1457 610 1514 schol.
628 1476 722 1532 neque
736 1476 754 1514 a
770 1458 937 1515 melioribus
950 1461 1032 1516 MSS.
1043 1463 1181 1536 agnitum.

134 1555 205 1608 Post
219 1555 293 1608 bello
311 1551 486 1626 aposiopesis
499 1562 555 1621 est,
569 1545 661 1608 Statio
675 1563 819 1608 consueta.

176 1647 320 1702 Meritos...
338 1646 367 1700 in
385 1663 465 1700 enses
479 1642 517 1722 (v.
538 1641 619 1721 114).
635 1643 756 1720 Aliquot
776 1645 861 1700 codd.
877 1663 885 1700 ε
899 1645 1031 1715 Iunctos,
1046 1650 1128 1722 qnod
1146 1671 1182 1707 ex

133 1740 194 1797 suis
210 1739 328 1796 vetustis
342 1739 466 1796 restituit
481 1738 566 1795 etiam
584 1739 716 1794 Heinsius
729 1740 772 1792 ad
789 1740 840 1794 Sil.
860 1742 945 1806 leat..
971 1759 1019 1811 ix,
1038 1724 1113 1814 641,
1131 1747 1182 1801 ubi

133 1831 244 1888 similia.

176 1925 245 1982 nait
255 1927 413 1980 irrevocata
423 1920 462 2000 (v.
476 1921 551 2001 117).
563 1941 579 1978 α
595 1927 684 2001 [legg.
691 1967 700 1994 ,
712 1927 776 1980 Pus.
787 1926 897 1998 tropei,
912 1926 994 1999 quod
1007 1927 1182 1984 Ouidianum

134 2019 217 2093 sapit.

179 2112 288 2186 Campo
301 2111 410 2182 majore
424 2109 462 2186 (v.
480 2109 556 2185 119).
571 2113 637 2167 Non
652 2111 737 2184 pauci
753 2111 839 2167 codd.
857 2132 863 2166 :
878 2115 1001 2168 meliore.

176 2205 292 2260 Pmavia
310 2215 340 2259 et
348 2215 434 2280 gente
447 2202 485 2281 (v.
506 2201 582 2280 ηπ).
598 2223 615 2259 a
629 2204 758 2260 Barthii:
774 2217 803 2260 et
816 2217 917 2261 mente.

180 2299 237 2352 Vm·
248 2299 368 2373 agmina
385 2295 423 2374 (v.
443 2296 517 2373 125).
536 2315 553 2352 a
569 2300 659 2373 Regg.
677 2317 685 2353 ε
703 2323 716 2348 u
731 2310 782 2352 aut
795 2297 916 2372 agmina.
931 2323 944 2348 s

176 2394 206 2445 Is
225 2391 311 2445 decor
329 2403 387 2460 est,
399 2387 509 2461 sonnoe
530 2388 567 2465 (v.
594 2387 669 2470 137).
687 2393 758 2466 ch.
782 2410 795 2446 1
820 2410 827 2446 ι
847 2393 903 2446 «ls
917 2389 963 2460 d.,
980 2405 1009 2448 et
1026 2391 1045 2446 i.
1064 2415 1076 2442 ι
1096 2413 1182 2468 quain

135 2501 251 2540 manum
268 2502 327 2539 esse
342 2485 423 2541 Statii
433 2494 514 2559 puto.
527 2484 674 2557 Liviuejus
692 2484 767 2557 conj.
777 2504 785 2539 τ
795 2508 808 2534 s
819 2487 873 2539 Hic
886 2484 929 2557 d.‚
943 2484 1008 2540 haec
1020 2485 1039 2541 s.
1052 2510 1065 2538 s

174 2580 246 2635 Evia
257 2582 378 2653 paisant
392 2582 483 2654 Terga
497 2576 536 2656 (v.
556 2576 629 2656 154).
645 2578 715 2654 neg.
734 2597 746 2634 1
765 2599 772 2634 ε
788 2604 800 2629 α
815 2579 920 2635 entim
938 2599 991 2654 p.»

175 2672 291 2727 Pectine
304 2673 462 2727 Amazonio
471 2669 509 2749 (v.
529 2668 604 2747 159).
620 2695 633 2721 s
643 2670 767 2727 Videtur
775 2683 881 2746 pecten
895 2672 1067 2728 Amazonius
1076 2674 1182 2729 chorus

134 2763 236 2835 fuisse,
254 2784 314 2839 quo
333 2764 407 2820 inter
420 2783 450 2821 se
463 2765 628 2839 pectinatim
643 2765 773 2838 implexae
785 2776 981 2841 consertaque
995 2767 1067 2823 serie
1080 2770 1182 2841 puella

133 2859 164 2913 in
183 2856 302 2914 modum
315 2859 493 2913 Amazonum
507 2858 656 2915 saltabant.
670 2882 682 2907 s
698 2859 848 2928 luania,
871 2860 986 2915 Adaeus.
1000 2878 1082 2930 xxvi,
1092 2879 1115 2915 c.
1134 2859 1180 2916 30.

135 2950 240 3024 Neque
255 2949 386 3024 pleniora
399 2961 466 3023 post
481 2969 548 3005 eum
562 2950 742 3023 interpretes.
760 2950 849 3005 Obvia
865 2950 1028 3007 adverbiale
1045 2963 1094 3006 est.

181 3044 320 3099 Coelatum
327 3044 435 3118 pugnis
448 3044 531 3099 soevts
546 3042 583 3120 (v.
604 3063 658 3119 179
672 3043 727 3122 sq.)
748 3048 825 3120 Lege
840 3064 856 3100 c
874 3045 934 3100 MS.
948 3045 1047 3114 Lind,
1063 3047 1180 3121 allegg.

137 3147 166 3194 et
179 3148 293 3193 vetusto
307 3139 380 3192 Dan.
391 3137 499 3193 Heinsii
511 3139 553 3193 ad
565 3136 735 3195 Claudiam:
751 3162 766 3189 α
776 3140 911 3195 Celatum
919 3158 1050 3213 pugnas,
1061 3138 1139 3195 saevis
1154 3151 1181 3194 et

134 3232 190 3287 ir.
201 3232 234 3285 Β.
247 3249 285 3285 m.
300 3230 435 3287 acclinem
445 3250 543 3305 consp.
558 3230 674 3288 hastam.
686 3254 700 3283 a
715 3232 787 3287 Nam
802 3242 832 3285 et
848 3248 967 3306 quoque
980 3230 1021 3286 illi
1035 3232 1180 3289 omittunt.
1231 3243 1233 3248 '

174 3322 296 3395 Ejurata
301 3324 381 3397 fides
395 3321 434 3401 (v.
460 3324 535 3402 188).
555 3324 603 3381 Sic
618 3341 635 3380 a
649 3327 757 3403 llegg.,
776 3326 840 3381 Put.
859 3327 935 3380 Ante
955 3327 1046 3380 Gron.
1063 3346 1068 3380 :
1085 3328 1114 3381 It
1121 3326 1180 3397 jur.
1301 3369 1303 3374 ,

136 3418 204 3491 Seq.
222 3436 250 3472 v.
267 3416 283 3473 3
298 3417 384 3473 codd.
398 3436 459 3473 non
471 3417 538 3473 mali
553 3437 560 3472 z
576 3420 743 3493 tums'cloque.

176 3510 279 3566 Peleia
291 3513 374 3586 uirgo
391 3507 431 3589 (v.
448 3508 525 3588 210).
541 3510 672 3567 Achilles.
687 3514 723 3568 V.
741 3532 767 3584 i,
785 3510 850 3567 350.

178 3604 332 3659 Attonintm
336 3603 416 3678 satit
434 3603 471 3680 (v.
488 3600 567 3681 ²16).
582 3604 652 3677 Reg.
671 3624 682 3659 1
702 3603 807 3673 :saetis
816 3626 827 3673 ‚-
843 3622 902 3677 seq.
917 3622 943 3657 v.
964 3604 1046 3659 nudis
1059 3622 1181 3678 prome·

136 3697 209 3764 diis3
223 3705 292 3751 etv.
315 3697 388 3768 218,
399 3715 537 3772 pauorem
549 3716 605 3771 pro
620 3698 697 3765 tim,
719 3698 884 3755 obsonum.

178 3791 309 3846 Evaclem
320 3790 465 3863 stammas
487 3790 525 3870 (v.
551 3789 629 3870 231).
653 3794 700 3848 PR
731 3812 739 3847 ι
769 3797 914 3867 repellere.
939 3792 1028 3849 lidem
1049 3810 1077 3846 v.
1103 3788 1180 3861 att,

140 3911 152 3934 ι
169 3894 235 3941 ante
252 3884 341 3958 pedes
354 3886 548 3961 prostravit„
567 3897 596 3941 et
610 3882 667 3943 235
688 3906 694 3941 :
710 3910 725 3937 ι
740 3886 854 3961 quoties
867 3886 1014 3942 itemditur
1027 3903 1092 3956 e.‚»
1106 3902 1179 3958 quo-

135 3996 200 4033 rum
209 3987 385 4051 postremum
400 3989 477 4035 ceste
490 3977 755 4052 recipiendumesse
770 3990 891 4053 apparet
903 3996 938 4035 ex
954 3978 1074 4033 narratis
1081 3996 1109 4031 v.
1125 3974 1178 4030 103

137 4090 200 4144 sqq.
216 4070 402 4127 Securitatem
418 4072 499 4149 regni
515 4090 616 4133 socero
631 4072 660 4128 in
674 4084 821 4147 posterum
834 4070 987 4147 promittit.
1114 4072 1119 4082 ’

236 4198 272 4242 11.
1034 4174 1078 4243 23
