2934 4950
385 419 438 456 rra
736 401 766 453 P.
787 398 909 454 PUBLll
930 395 1052 454 STATII

383 517 1453 546 mmmmm

861 835 937 921 IV.

445 1153 508 1218 AD
533 1148 792 1217 VICTORIUM
817 1145 1103 1214 MARCELLUM
1130 1145 1361 1218 EPJSTOLA.

822 1471 981 1489 ...μ

428 1725 552 1794 Conna
573 1747 632 1817 per
650 1722 814 1792 Euboicos
834 1745 902 1792 non
923 1721 1053 1815 segnis,
1072 1718 1231 1814 epistola,
1251 1744 1425 1815 campos;

380 1847 451 1913 Hac
468 1845 616 1938 ingressa
633 1843 721 1928 vias,
739 1865 805 1934 qua
823 1839 944 1909 nobilis
960 1841 1068 1934 Appia
1087 1841 1203 1910 crescit

380 1969 421 2034 In
437 1962 543 2048 latus,
560 1977 594 2032 et
611 1959 726 2030 molles
746 1959 870 2030 solidus
889 1961 1009 2055 premit
1026 1984 1127 2056 agger
1144 1985 1270 2030 arenas.

380 2089 489 2177 Atque
504 2083 562 2150 ubi
578 2078 757 2151 Romuleas
772 2079 871 2149 velox
889 2081 1111 2174 penetraveris
1128 2105 1240 2166 arces,

380 2205 550 2272 Continuo
567 2201 699 2270 dextras
719 2201 796 2270 llari
815 2215 890 2306 ppte
908 2201 1053 2270 Tibridis
1071 2225 1163 2288 oras,

380 2322 486 2417 Lydia
502 2347 569 2416 qua
585 2323 715 2416 penitus
731 2336 886 2415 stagnum
905 2319 1022 2390 navale
1038 2336 1166 2390 coercet

379 2444 486 2539 Ripa,
504 2443 769 2536 suburbanisque
787 2441 910 2512 vadum
928 2444 1119 2537 praetexitur
1135 2443 1251 2513 hortis.
1308 2484 1317 2535 l

379 2562 454 2633 Illic
470 2565 640 2659 egregium
657 2562 830 2656 formaque
847 2564 1031 2659 animisque
1047 2562 1173 2631 videbis

380 2682 595 2771 Marcellum,
613 2697 647 2751 et
664 2682 753 2753 celso
771 2686 967 2779 praesignem
986 2686 1108 2754 vertice
1128 2710 1243 2755 nosces
1262 2712 1270 2754 z

380 2806 445 2873 Cui
461 2806 607 2899 primum
623 2801 721 2873 solito
737 2802 829 2898 vulgi
848 2804 888 2872 de
905 2827 996 2872 more
1012 2802 1173 2892 salutem,

380 2926 461 2993 Mox
478 2923 605 2994 inclusa
621 2922 729 2993 modis
747 2922 818 2992 haec
836 2922 973 2991 reddere
993 2925 1093 2993 verba
1112 2939 1306 2995 memento:

427 3048 527 3113 «Jam
544 3059 648 3112 terras
664 3042 899 3135 volucremque
916 3041 1031 3137 polum
1047 3044 1125 3141 fuga
1142 3050 1229 3117 veris
1247 3052 1367 3141 aquosi

379 3169 504 3252 Iaxm,
522 3178 556 3233 et
572 3164 686 3233 Icariis
704 3161 825 3231 coelum
843 3162 1017 3233 latratibus
1036 3168 1124 3251 urit3
1296 3170 1299 3176 '

238 3278 246 3296 ⁹
379 3286 495 3356 Ardua
509 3285 579 3379 jam
599 3283 707 3352 densae
725 3298 898 3353 rarescunt
917 3288 1038 3355 moenia
1057 3292 1171 3357 Romae
1191 3315 1199 3355 :

379 3409 448 3473 Hos
462 3408 627 3473 Praeneste
643 3427 792 3489 sacrum,
810 3428 926 3473 nemus
943 3405 1005 3475 hos
1022 3405 1158 3501 glaciale
1176 3409 1311 3496 Dianae,

379 3525 520 3621 Algidus
538 3538 596 3593 aut
612 3523 772 3610 horrens,
792 3538 849 3593 aut
866 3524 1009 3594 Tuscula
1027 3528 1171 3622 prolcgit
1187 3530 1329 3615 umbra;

378 3646 510 3715 Tiburis
526 3645 563 3713 hi
579 3643 691 3731 lucos,
709 3646 904 3738 Anienaque
922 3644 1044 3740 frigora
1064 3662 1209 3741 captant.

426 3769 503 3834 «Te
519 3788 652 3858 quoque
668 3762 819 3833 clamosae
835 3789 985 3857 quaenam
1004 3764 1100 3860 plaga
1118 3769 1230 3837 milior
1246 3772 1323 3839 urbi

378 3884 570 3955 Subtrahit?
586 3886 714 3954 aestivos
732 3909 800 3978 quo
817 3883 942 3978 decipis
958 3909 1033 3953 aere
1050 3884 1157 3956 soles?

307 4096 312 4103 ἣ
378 4005 490 4095 Quid,
508 4020 583 4075 tuus
600 4020 677 4075 ante
694 4029 830 4091 omnes,
848 4019 905 4072 tua
923 4030 1002 4073 cura
1019 4008 1190 4099 potissima
1209 4008 1350 4100 Gallus,
