2934 4950
65 395 183 460 (ωδε.)
396 397 612 456 ιιιιιιιιιιιιοε
635 399 747 457 nmen
765 401 802 456 x.
1068 367 1143 456 ,ιε’

64 527 185 592 Funus
201 520 283 592 ubi?
300 536 335 592 at
351 516 466 595 nostro
485 551 615 622 semper
634 528 696 597 sub
713 542 851 624 pectore
860 516 1001 623 ⁸Tydeus
1072 574 1075 578 -

66 645 171 714 Saevit
190 636 428 740 inopstumuli
448 673 456 715 :
476 652 628 742 quamvis
646 639 830 745 patientior
849 642 942 720 artus

65 764 150 850 Ille,
170 791 233 837 neo
254 766 406 864 abruptis
426 768 510 838 adeo
530 761 753 867 lacrymabilis
772 774 878 842 annis.

66 891 127 956 Ire
146 902 276 1009 tamen,
296 915 487 985 saevumque
506 883 589 962 libet
605 892 700 963 nulio
716 893 835 964 ordine
854 896 976 989 possim

68 1015 223 1082 Scrutnri
242 1037 419 1109 campum,
437 1013 658 1110 mediasque
650 1007 838 1113 irrumpere
853 1016 995 1086 Thebas
1011 1045 1029 1081 ι)
1068 1094 1070 1097 ,

65 1136 203 1229 Excipit
222 1161 299 1206 orso
317 1139 475 1231 Dymas
495 1166 512 1202 ιι
530 1139 596 1208 Per
618 1164 680 1235 ego
703 1131 777 1210 baeo
800 1164 884 1234 vogn
905 1137 1041 1208 sidera
1029 1161 1124 1231 jure,

65 1261 134 1327 Per
150 1257 246 1327 ducis
266 1273 416 1328 errantes
436 1259 543 1330 instar
561 1261 643 1330 mihi
660 1253 809 1330 numinis
828 1261 983 1349 umbras,

67 1378 164 1450 Idem
184 1380 286 1450 ardor
302 1381 453 1451 misero:
476 1377 631 1453 comitem
650 1385 877 1478 circumspicit
894 1380 977 1473 olim
1050 1461 1054 1464 ⁴

66 1493 325 1572 Meus'humilis
342 1500 434 1574 luctu
456 1530 463 1573 ι
484 1503 543 1574 sed
562 1529 653 1574 nunc
670 1507 765 1600 prior
779 1504 836 1573 ibo
855 1494 902 1572 :Vn
918 1505 1074 1598 viamque

67 1624 230 1714 Inchoat,
250 1639 284 1695 et
300 1617 428 1696 moesto
438 1617 620 1696 conversus
636 1625 679 1696 ad
695 1605 819 1696 aethere
837 1623 932 1695 vultu

68 1749 124 1816 Sic
147 1725 195 1815 eit
212 1773 221 1814 ι
241 1775 258 1812 α
275 1750 417 1817 Arcanae
436 1741 641 1830 moderatrix
661 1749 810 1843 Cynthia
829 1749 952 1843 noctis,

69 1869 103 1938 Si
124 1883 159 1937 te
177 1870 372 1965 tergeminis
392 1869 570 1964 perhibent
589 1859 721 1939 variare
741 1845 871 1966 figuris.

68 1994 225 2080 Numen,
245 2006 280 2061 et
297 1993 332 2061 in
350 1990 448 2061 silvas
465 1985 747 2062 alio'descendere
763 1991 879 2080 vultu,

68 2113 132 2184 lile
149 2137 261 2184 comes
283 2139 409 2208 nuper,
428 2109 672 2209 nemorumque
693 2116 833 2211 insignis
851 2104 1025 2203 alumnus,

68 2234 131 2306 Ille
152 2251 249 2324 tuus,
269 2237 394 2326 Diana,
413 2261 497 2331 puer
516 2230 626 2332 (nunc
643 2237 772 2332 respice
789 2233 927 2332 saltem)

70 2359 245 2448 Quaeritur
264 2383 273 2426 :
292 2387 310 2424 ιι
329 2357 484 2440 incendit¹
496 2359 612 2454 pronis
632 2361 705 2428 Deo
723 2349 889 2428 curribus¹
900 2355 1025 2426 almum

69 2479 195 2569 Sidus,'
208 2495 244 2550 et
262 2480 397 2550 admoto
417 2474 621 2551 monstravit
634 2481 752 2551 iuuere
769 2505 886 2550 cornu.
921 2556 925 2563 ,

70 2605 246 2696 Apparent
262 2603 387 2698 campi,
408 2602 612 2697 Tbebaeque,
632 2600 786 2696 altusque
803 2601 986 2671 Citbaeron.
1072 2664 1076 2673 .

118 2726 176 2795 Sic
195 2723 253 2794 ubi
268 2739 472 2795 nocturnum
486 2725 618 2809 ¹tonitru
632 2722 738 2793 melus
756 2722 879 2794 retbere
899 2716 1032 2820 frangit

71 2848 243 2943 Juppiter,
262 2846 422 2917 absiliunt
442 2847 567 2935 nubes,
585 2862 620 2920 et
637 2838 769 2942 fulgure
787 2844 877 2915 claro

73 2973 171 3039 Astra
188 2983 320 3064 petent,
335 2969 532 3064 subitusque
553 2968 657 3039 oculis
670 2969 859 3040 ostenditur
874 2969 976 3039 orbis.

72 3093 213 3187 Accepit
233 3092 366 3180 radios,
384 3108 418 3161 et
438 3092 555 3162 eedem
573 3094 720 3187 percitus
737 3084 885 3214 Hopleus

71 3214 185 3308 Tydea
202 3212 278 3285 luce
293 3214 416 3305 videt:
435 3214 535 3336 longe
553 3213 675 3284 daut
650 3240 743 3312 signa
760 3240 820 3311 per
838 3213 974 3285 umbras

73 3340 196 3407 Mutua
208 3333 383 3425 iaetentes,
400 3352 435 3407 et
453 3340 598 3408 amicum
616 3337 748 3459 pondus
768 3328 924 3431 uterque,

73 3460 143 3529 Ceu
163 3458 304 3531 reduces
324 3461 400 3530 vitee
411 3484 592 3556 ,sevaque
610 3486 630 3529 a
651 3452 760 3530 morte
780 3460 953 3549 remissos,

73 3581 230 3675 Subjecta
249 3584 379 3653 cervice
399 3580 540 3653 levant·
562 3608 623 3653 nec
642 3582 762 3670 verbe,
780 3606 844 3651 uec
862 3582 934 3650 ausi

75 3700 170 3772 Flere
188 3701 276 3772 diu:
296 3726 400 3799 prope
419 3730 505 3774 saevn
524 3703 613 3794 dies,
633 3694 805 3798 indexque
822 3672 980 3771 minatur·

75 3824 208 3895 Ortus.
227 3839 309 3894 eunt
323 3826 414 3895 taciti
428 3850 488 3921 per
501 3816 618 3895 moesta
633 3824 765 3895 silentia
781 3812 912 3920 magnis

77 3947 249 4034 Passibus,
275 3947 516 4042 exhaustasque
535 3924 650 4017 dolent
668 3935 795 4042 pallere
812 3947 975 4041 tenebras.

125 4068 244 4137 Invida
260 4068 327 4139 iata
349 4071 430 4165 piis,
447 4085 481 4138 et
497 4069 565 4140 sors
583 4070 775 4164 ingentibus
794 4070 882 4139 ausis
