2934 4950
61 371 95 434 l'·
112 371 166 429 ⁸⁵³
360 372 613 432 sefflunuios
633 375 749 434 LIBER
768 375 806 432 11.
1054 376 1127 433 2352

59 498 180 586 Quum
198 497 369 594 Scythicas
384 525 527 596 rapuere
536 500 675 589 domos,
694 518 728 572 et
744 518 842 599 capta
855 506 1019 576 Getarum

58 620 209 709 Maenia,
228 620 410 715 suppositis
426 619 605 716 epulantur
618 625 804 694 Amazones
821 603 951 694 amnis..

111 742 200 810 Tum
217 763 298 810 vero
313 741 462 834 intentus
473 740 589 812 vultus
602 767 647 813 ao
656 757 792 839 pectora
805 744 930 817 Ulixes.

58 860 219 931 Praelihat
234 863 333 932 visu:
353 859 411 934 sod
427 887 512 954 nox,
530 861 689 960 illataque
705 863 843 938 fallunt:

58 984 228 1072 Lumina,
242 997 277 1054 et
293 971 460 1080 extemplo
475 983 575 1056 latuit
593 1011 750 1060 mensura
764 989 926 1083 jacentis:

58 1108 108 1174 Et
125 1119 238 1176 tamen
254 1119 468 1201 erectumque
483 1132 605 1204 genas,
624 1107 795 1205 oculisque
812 1125 1004 1206 vagantem,

59 1225 391 1324 Nullaquevirginei
408 1244 595 1300 seruantem
611 1231 706 1326 signa
724 1231 878 1326 pudoris,

58 1347 205 1444 Defigit,
224 1351 405 1444 comitique
422 1347 560 1445 obliquo
579 1349 705 1422 lumine
722 1366 898 1422 monstrat.

58 1468 165 1558 Quod
180 1471 244 1540 nisi
260 1470 463 1566 precipitem
478 1469 603 1542 blando
613 1469 792 1567 ‚complexa
807 1480 960 1544 moneret

57 1589 239 1660 Deidamia
260 1593 351 1680 sinu,
368 1590 561 1686 nudataque
576 1605 714 1686 pectora
729 1617 872 1688 semper,

56 1715 268 1807 Exertasque
282 1736 423 1801 manus,
440 1711 665 1807 humerosque
681 1715 716 1783 in
735 1728 828 1783 reste
842 1729 991 1805 teneret,

56 1838 102 1904 Et
120 1833 256 1929 prodire
272 1835 376 1920 toris,
396 1847 429 1902 et
450 1857 587 1928 poscere
606 1835 685 1904 vina
700 1836 829 1904 vetaret
1089 1817 1093 1823 ¹

58 1957 203 2051 Saepius,
221 1969 265 2024 et*
275 1955 378 2025 fronti
394 1953 520 2024 crinale
537 1969 715 2050 reponeret
731 1980 874 2046 aurum;

57 2074 231 2173 Argolicis.
242 2075 384 2146 duodus
397 2076 474 2170 jam·
484 2090 565 2146 tunc
584 2078 748 2172 patuisset
763 2076 920 2150 Achilles.

107 2202 156 2271 Ut
173 2196 302 2294 placata
319 2197 423 2268 fames
439 2195 546 2292 epulis
560 2198 612 2268 his
632 2205 749 2296 terque
764 2203 921 2295 repostis,

58 2326 132 2392 Rex
150 2321 245 2416 prior
263 2317 456 2414 alloquitur,
473 2319 663 2414 paterisque
680 2319 839 2390 hortatur
856 2323 1004 2394 Achivos
1021 2351 1030 2394 z

57 2474 74 2507 a
91 2440 234 2512 Invideo
250 2441 386 2527 vestris,
402 2440 520 2531 fateor,
538 2441 658 2512 decora
675 2439 800 2537 inclyta
817 2445 926 2539 gentis

56 2561 242 2659 alfgolicae,
263 2565 379 2658 creptis
398 2590 406 2633 :
426 2565 556 2641 utinam
576 2562 665 2633 mihi
680 2562 801 2634 fortior
819 2581 917 2653 etas,

57 2689 212 2780 Quaeque
226 2684 309 2775 fuit,
326 2682 475 2781 Dolopas
493 2711 598 2780 quum
614 2686 728 2781 Scyria
746 2684 845 2756 litora
861 2687 995 2760 adortos

55 2806 258 2896 Perdomui,
275 2806 426 2903 fregique
442 2806 535 2876 vadis
553 2833 563 2876 :
584 2807 774 2903 que-'signa
793 2807 977 2902 triumphi,

56 2929 198 2999 Vidistis
216 2926 319 2999 celsas
336 2952 510 3024 murorum
527 2927 563 2997 in
580 2927 691 2998 fronte
709 2928 858 2999 carium·¹

56 3050 185 3121 Saltem
201 3052 228 3119 si
247 3047 394 3137 soboles,
410 3064 523 3145 aptam
539 3073 640 3144 quam
659 3050 791 3119 mittere
806 3046 896 3119 bello

55 3178 215 3262 Possem,
231 3171 331 3269 plena
347 3168 458 3242 forent
475 3170 559 3242 mihi
576 3171 728 3267 gaudia:
749 3197 894 3267 namque
910 3174 1078 3267 juvarem.-

55 3298 162 3366 Nunc
179 3295 241 3389 ipsi
257 3295 410 3389 viresque
426 3319 533 3382 meas,
550 3309 585 3364 et
604 3319 681 3364 cara
697 3293 818 3365 videtis

56 3418 205 3513 Pignora
217 3442 224 3484 :
235 3414 370 3511 quando
381 3440 485 3485 novos
499 3414 592 3485 dabit
603 3416 674 3486 haec
686 3416 770 3485 milri
779 3418 880 3487 turba
890 3418 1078 3513 nepotesls

107 3538 266 3627 Dixerat,
285 3552 319 3607 et
334 3536 437 3607 solers
453 3551 589 3632 arrepto
605 3552 757 3633 tempore
772 3537 889 3608 Ulixes
906 3567 934 3611 ε,
1005 3598 1009 3603 .

56 3691 72 3724 a
90 3658 193 3729 Haud
215 3660 401 3753 spernenda
421 3659 515 3755 cupis
533 3684 542 3729 :
561 3660 641 3753 quis'
657 3658 746 3727 enim
759 3684 840 3729 ‘noo
862 3661 970 3730 visere
987 3676 1123 3759 gentes·

56 3786 276 3870 Innumeras,
293 3779 607 3875 variosque'duces,
629 3795 730 3876 atque
745 3784 878 3879 agmina
897 3808 1014 3880 regum

56 3902 204 3975 Ardent?
222 3900 451 3972 Omne-simul
470 3902 647 3997 roburque
657 3902 831 3997 decusque:
843 3904 990 3998 potentis

56 4030 202 4120 Europae
221 4025 358 4095 meritos
380 4021 470 4093 ultro
482 4024 610 4118 juravit
629 4026 663 4093 in
681 4048 786 4093 enses.
