2934 4950
396 415 449 474 132
689 418 901 482 autumnos
921 420 1030 476 LIBER
1050 421 1132 477 VIII.
1321 418 1406 481 (eryt)

443 542 524 611 Inde
541 542 869 638 velutprimo‘tigris
885 547 998 638 gavisa
1012 568 1132 613 eruore

392 666 456 732 Per
475 680 585 733 totum.
598 666 690 757 cupit
707 666 756 732 ire
775 688 893 759 pecus3
915 666 962 734 sic
980 669 1076 736 Aona
1095 690 1193 749 saxo,

392 786 480 851 Ense
498 783 658 873 Pholum,
676 785 839 853 Chromin
857 809 953 872 ense,
973 784 1057 854 dnos
1074 782 1275 853 Helicaonas
1291 784 1376 853 hasta

392 906 575 999 Transigit,
597 908 706 999 AEgeae
725 907 866 974 Veneris
886 929 970 998 quos
990 908 1093 974 Mara
1114 903 1268 973 sacerdos

391 1022 565 1111 Ediderat,
586 1025 783 1118 prohibente
800 1029 874 1096 Dea
891 1053 899 1094 ε
919 1052 979 1093 vos
997 1025 1108 1119 praeda
1125 1028 1255 1094 cruenti

391 1143 519 1238 Tydeos
538 1170 546 1213 :
564 1147 592 1213 it
609 1170 711 1214 saevas
730 1148 1037 1217 etiamnummater
1055 1146 1098 1213 ad
1117 1170 1203 1214 aras.

440 1266 510 1335 Nec
527 1268 637 1335 minus
655 1265 854 1335 Herculeum
874 1280 991 1334 contra
1010 1291 1113 1360 vagus
1132 1270 1294 1333 Haemona
1314 1264 1388 1333 ducit

391 1386 533 1479 Sanguis
552 1412 559 1453 :
578 1384 745 1480 inexpleto
760 1388 893 1481 rapitur.
906 1410 966 1481 per
981 1384 1086 1456 millia
1101 1385 1209 1471 ferro,

391 1504 642 1577 Nunetumidae
659 1504 840 1599 Calydonis
857 1531 959 1600 opes,
978 1531 1067 1574 nunc
1086 1519 1182 1574 torva
1200 1502 1338 1598 Pylenes

389 1628 549 1719 Agmina,
568 1651 658 1694 nnnc
675 1639 798 1695 moestae
813 1624 955 1694 lundens
970 1623 1144 1695 Pleuronis
1161 1623 1336 1693 alumnos:

389 1750 506 1817 Donec
527 1749 561 1815 in
577 1745 739 1817 ⁴Olenium
757 1748 849 1816 fessa·
859 1749 929 1839 jam
950 1745 1087 1841 cuspide
1104 1750 1214 1815 Buten

389 1865 512 1935 Incidit
529 1892 537 1932 :
557 1866 647 1935 hunc
664 1868 783 1935 turmis
802 1866 995 1953 obversum,
1011 1880 1045 1935 et
1060 1867 1152 1935 abire
1168 1878 1334 1934 vetantem
1435 1907 1436 1910 =

389 1986 592 2082 Aggreditur
610 2012 618 2054 :
636 2010 721 2079 puer
737 1985 810 2071 ille,
830 2011 931 2080 puer,
951 1985 1121 2080 malasque
1140 2008 1334 2078 comamque

389 2109 541 2202 Integer,
562 2109 680 2201 ignaro
693 2108 755 2181 *cui
773 2121 852 2175 tunc
869 2106 1029 2175 Thebana
1048 2106 1201 2202 bipennis
1435 2089 1436 2094 ἵ

390 2230 429 2297 ln
451 2226 716 2322 galeam-librata
728 2228 827 2296 [venit
847 2252 856 2295 ε
878 2226 1053 2297 finduntur
1071 2228 1240 2319 utrimque

390 2350 575 2443 Tempora,
596 2346 791 2441 dividuique
810 2346 936 2416 cadunt
954 2349 987 2415 in
1006 2346 1144 2415 brachia
1160 2346 1287 2431 crines,

390 2472 433 2537 Et
449 2494 519 2541 non
537 2469 601 2538 hoc
620 2468 927 2562 metuensinopino
942 2466 1051 2544 limite,
1064 2468 1133 2536 rita

390 2587 533 2656 Exsiluit
552 2617 564 2666 :¹
583 2604 662 2658 tunc
681 2572 804 2656 Iltivum
824 2590 998 2682 Hypanin,
1018 2587 1209 2680 flavumque
1227 2584 1350 2655 Politen

386 2707 572 2805 (Illegenas
584 2706 728 2796 Phoebo,
748 2709 874 2777 crinem
892 2707 952 2792 hic¹
966 2707 1122 2802 pascebat
1141 2706 1288 2775 laccho:

390 2830 501 2896 Saevus
517 2825 812 2921 uterquessDeus),
832 2827 926 2896 victis
944 2830 1164 2921 Hyperenora
1175 2827 1288 2921 jungit

390 2949 671 3039 Conversumque
683 2946 770 3041 fuga.
784 2949 968 3016 Damasum
986 2973 994 3013 :
1013 2947 1072 3016 sed
1087 2946 1179 3042 lapsa
1197 2971 1257 3040 per
1275 2965 1373 3014 armos

389 3072 494 3136 Basta
511 3069 577 3152 viri¹
592 3081 685 3135 trans
703 3081 821 3160 pectus
839 3067 928 3154 ahit,
945 3091 1163 3161 parmamque
1179 3067 1301 3136 tenenti
1359 3051 1369 3093 l

389 3189 542 3275 Excutit,
562 3167 595 3255 et
612 3211 747 3256 summa>
758 3186 889 3281 fugiens
906 3189 943 3256 in
961 3187 1097 3281 cuspide
1117 3201 1239 3282 portat.

440 3311 609 3380 Sterneret
626 3307 780 3375 adversos
797 3308 980 3376 etiamnum
999 3308 1162 3375 Ismenius
1178 3310 1313 3372 Haemon

388 3425 564 3496 Inachidas
583 3425 684 3520 (nam
702 3424 769 3494 tela
787 3427 893 3519 regit,
912 3428 1064 3519 viresque
1081 3425 1246 3493 ministrat

388 3543 745 3641 Amphitryoniades),
763 3569 885 3614 saevum
902 3545 959 3614 sed
974 3545 1087 3638 Tydea
1103 3557 1221 3614 contra

387 3666 497 3737 Pallas
514 3667 585 3760 agit
602 3691 609 3731 :
623 3666 759 3760 jamque
776 3663 916 3751 adverso
933 3688 1054 3744 venere
1069 3664 1183 3733 favore

388 3788 567 3873 Cominus,
585 3799 619 3854 et
636 3783 767 3878 placido
788 3786 881 3879 prior
898 3785 967 3873 hec
985 3784 1179 3880 Tirynthius
1196 3809 1253 3853 ore
1271 3810 1279 3850 ε

410 3983 415 3990 ⁶
437 3905 547 3973 «Fida
565 3928 676 4016 soror,
696 3907 960 3997 quaenamhunc
974 3902 1057 3973 helli
1078 3903 1220 3998 caligine
1237 3901 1323 3970 nobis

387 4033 611 4122 Congressum
630 4027 780 4093 Fortuna
798 4023 897 4092 tulit?
915 4049 996 4093 num
1015 4025 1107 4120 regia
1125 4028 1213 4093 luno
