2934 4950
311 475 366 530 29²
599 451 850 510 acnlnmuos
871 449 985 507 LIBER
1005 452 1064 507 ll.·
1239 451 1275 511 (r.
1290 455 1364 517 πρε.)

311 585 369 657 Nil
387 586 458 654 ausi
476 584 684 670 meminisse,
703 596 827 678 pavent
845 607 853 648 :
873 583 920 649 sic
938 581 1052 648 omnia
1070 580 1142 648 visu
1455 564 1456 603 l

312 712 462 778 Mutatus
480 704 594 793 rediit,
614 729 690 792 ceu,
710 727 885 797 nunquam
906 704 1022 796 Scyria
1040 725 1156 797 passus

311 832 449 917 Litora,
468 827 599 898 Peliaco
615 842 730 922 raptus
745 824 928 895 descendat
945 825 986 894 ab
1004 838 1111 894 antro.

361 955 457 1022 Tunc
475 976 515 1021 ex
535 975 629 1020 more
646 951 747 1039 Deis,
765 949 812 1017 ita
829 971 974 1042 namque
992 946 1150 1016 monebat
1163 943 1302 1035 Ulixes,

314 1079 508 1171 AEquoreis,
525 1075 722 1167 Austrisque
740 1068 832 1159 litat,
851 1069 1025 1164 fluctuque
1043 1069 1105 1140 sub
1123 1070 1197 1165 ipso

314 1196 504 1269 Caeruleum
523 1220 637 1291 regem
659 1209 757 1264 tauro
772 1206 964 1278 veneratur,
980 1215 1147 1285 avumque

315 1323 427 1391 Nerea
448 1345 455 1390 :
476 1319 593 1388 vittata
612 1317 758 1412 genitrix
775 1312 905 1410 placata
921 1314 1065 1408 juvenca
1083 1327 1145 1382 est.

316 1445 379 1510 Hic
397 1453 574 1536 spumante
592 1438 662 1508 salo
676 1438 804 1532 jaciens
821 1435 951 1505 tumida
965 1420 1237 1530 exta‘profatur:

317 1595 332 1630 a
345 1565 539 1644 Paruimus,
551 1559 693 1657 genitrix
703 1611 712 1648 ,
722 1583 916 1653 quanquam
926 1555 1018 1627 haud
1027 1554 1203 1627 toleranda
1209 1555 1369 1651 jubebas,

316 1687 492 1755 Paruimus
510 1683 669 1752 nimium:
684 1679 772 1751 bella
790 1678 833 1749 ad
849 1680 997 1773 Trojano
1013 1693 1167 1774 ratesque

315 1805 488 1902 Argolicas
502 1806 661 1900 quaesitus
678 1827 729 1873 eo.
747 1831 765 1868 a
782 1803 838 1872 sic
852 1825 965 1892 orsus,
986 1817 1020 1873 et
1039 1801 1117 1873 alno

318 1926 467 2016 Insiluit,
489 1928 689 2022 penitusque
706 1928 800 1997 Noto
819 1924 981 1994 stridente
1000 1925 1200 2020 propinquis

318 2049 494 2144 abripitur
510 2048 607 2118 terris
628 2071 637 2115 t
654 2048 791 2142 jamque
809 2047 915 2116 ardua
931 2071 1079 2116 crescere
1098 2047 1205 2116 nubes

319 2173 458 2267 Incipit,
478 2186 511 2240 et
529 2173 649 2265 Scyros
668 2168 769 2266 longe
787 2169 977 2241 decrescere
993 2186 1111 2267 ponto.

369 2297 478 2364 Turre
494 2290 612 2388 procul
629 2316 775 2382 summa,
789 2289 945 2389 lacrymis
957 2295 1117 2364 comitata
1134 2317 1307 2376 soronam,

322 2417 587 2511 Confessumque
606 2429 738 2499 tenens,
754 2428 788 2485 et
803 2413 983 2485 habentem
1002 2417 1140 2486 nomina
1156 2415 1343 2511 Pyrrhtun,

320 2538 491 2610 Pendehat
512 2537 651 2631 conjux,
669 2535 842 2633 oculisque
863 2540 899 2607 in
916 2539 1053 2608 carbasa
1068 2538 1142 2609 lixis

320 2661 415 2752 Ibat,
430 2675 464 2729 et
480 2661 552 2755 ipsa
567 2658 689 2728 fretum
706 2673 740 2727 et
758 2678 905 2755 puppem
917 2661 988 2753 jam
1006 2658 1075 2730 sola
1091 2659 1237 2729 videbat.

321 2780 382 2852 Ille
395 2805 530 2875 quoque
546 2778 699 2875 obliquos
714 2777 836 2850 dilecta
850 2778 893 2849 ad
907 2782 1029 2850 moenia
1046 2780 1158 2851 vultus

321 2900 497 2991 Declinat,
519 2901 722 2996 viduamque
739 2900 894 2988 domum,
915 2905 1124 2998 gemitusque
1141 2902 1267 2973 relictae

322 3026 485 3120 Cogitat:
508 3023 659 3095 occultus
679 3023 862 3095 subcorde
881 3027 1067 3097 renascitur
1079 3024 1198 3117 ardor,

322 3151 457 3242 Datque
473 3144 585 3216 locum
602 3148 708 3216 virtus
725 3172 733 3216 :
752 3148 854 3216 sensit
871 3148 1024 3217 Laertius
1044 3148 1142 3218 heros

324 3274 539 3355 Maerentem,
555 3283 589 3339 et
609 3267 748 3364 placidis
766 3294 941 3365 aggressus
960 3269 1091 3340 flectere
1109 3269 1233 3340 dictis:

324 3420 341 3457 a
357 3394 463 3480 Tene,
479 3392 605 3485 inquit,
623 3416 753 3487 magnae
772 3404 922 3462 vastator
942 3392 1052 3465 debite
1068 3394 1193 3487 Trojae,

323 3514 436 3602 Quem
455 3516 580 3583 Danaa
599 3512 737 3603 classes,
757 3540 857 3609 quem
874 3516 1000 3587 Divum
1017 3513 1153 3587 oracula
1172 3532 1333 3612 poscunt,

322 3638 548 3730 Erectumque
564 3650 673 3707 manet
691 3652 838 3707 reserato
856 3633 972 3707 limine
986 3636 1128 3727 bellum,

323 3755 454 3828 Callida
474 3758 616 3828 femineo
635 3760 778 3855 genitrix
794 3758 916 3830 velavit
934 3758 1081 3830 amictu?

214 3922 216 3927 ,
324 3880 565 3974 Cornmisitque
584 3878 659 3949 ullis
675 3896 744 3949 tarn
759 3881 897 3977 grandia
915 3882 1003 3952 furta
1019 3882 1179 3954 latebris?

324 4002 544 4095 speravitque
558 4000 682 4071 fidem?
700 4004 797 4072 nimis
817 4029 838 4073 o
854 4028 1028 4100 suspensa,
1049 4007 1216 4100 nimisque

288 4222 291 4227 Ι
324 4119 452 4192 Mater!
469 4146 511 4193 an
528 4122 597 4195 lraec
615 4124 721 4195 virtus
742 4126 841 4195 tacita
857 4140 1003 4223 torperet
1021 4128 1055 4197 in
1073 4128 1209 4218 umbra,
