2934 4950
405 453 442 514 ln
463 489 467 496 .
720 445 938 504 THEBAJDOS
959 447 1071 505 LIBER
1092 449 1127 502 V.
1334 451 1425 513 (nass.)

403 571 609 660 Thoracum,
629 585 663 640 et
680 571 775 642 vultu
795 571 903 668 galeas
921 575 1046 642 intrare
1065 572 1173 643 soluto

403 694 482 763 Nou
499 693 602 787 pudet
619 719 627 762 ε
648 692 789 790 audaces
808 693 923 764 rubuit
939 696 1060 764 mirata
1077 709 1224 764 catervas

402 811 526 900 Pallas,
546 826 581 882 et
598 813 736 883 adverso
755 815 830 883 risit
846 813 1014 884 Gradivus
1034 817 1069 884 in
1088 819 1213 886 llaemo.

400 936 495 1004 Tunc
512 934 659 1028 primunr
675 959 716 1004 cx
733 936 852 1004 animis
868 957 1016 1030 praeceps
1033 939 1178 1006 amentia
1195 937 1295 1006 cessit
1313 962 1323 1008 t

400 1055 471 1125 Nec
487 1056 567 1124 ratis
583 1053 641 1125 illa
659 1055 747 1144 salo,
765 1055 822 1126 sed
839 1057 964 1126 Dirum
981 1079 1057 1126 sera
1074 1081 1135 1153 per
1152 1083 1267 1152 aequor

397 1178 545 1266 lustitia,
563 1191 597 1248 et
614 1201 720 1273 poenae
738 1176 899 1248 scelerum
918 1177 1096 1248 advemme
1114 1178 1280 1249 videntur.

446 1327 464 1363 α
474 1302 615 1394 Jamque
631 1299 771 1370 aderant
787 1315 899 1388 terra,
916 1315 1079 1394 quantum
1096 1301 1263 1394 Gortynia
1279 1315 1404 1370 currunt

395 1420 548 1513 Spicula,
567 1420 710 1491 coeruleo
729 1420 901 1516 gravidam
919 1445 1023 1515 quum
1040 1422 1194 1515 anpiter
1213 1420 1311 1491 imbri

395 1544 472 1636 Ipsa
488 1566 588 1637 super
607 1543 731 1612 nubem
749 1537 829 1612 ratis
849 1557 1053 1612 armamenta
1070 1539 1215 1638 Pelasga

394 1665 488 1732 Sistit
506 1687 606 1760 agens
624 1691 632 1733 ε
652 1663 730 1733 inde
748 1665 870 1733 horror
887 1665 997 1756 aquis,
1012 1677 1046 1732 et
1062 1677 1177 1757 raptus
1193 1664 1236 1732 ab
1254 1666 1341 1734 omni

394 1783 471 1855 Sole
490 1786 576 1875 dies,
596 1787 712 1857 miscet
728 1785 899 1874 tenebras,
918 1787 991 1880 quis
1010 1787 1162 1880 protinus
1182 1784 1273 1856 unda
1347 1785 1353 1802 ⁸

393 1907 560 1978 Concolor
580 1935 588 1978 ε
608 1909 722 1977 obnixi
741 1907 889 1978 lacerant
906 1931 988 1978 cara
1007 1905 1121 1976 nubila
1142 1910 1250 1996 venti,

392 2030 630 2126 Diripiantque
646 2029 768 2100 fremui
789 2055 798 2098 t
819 2030 923 2125 nigris
941 2028 1027 2098 rudit
1043 2028 1182 2099 humida
1201 2028 1296 2100 tellus

391 2154 599 2238 Vorticibus,
617 2167 791 2246 totumque
809 2153 908 2222 Notis
926 2151 1136 2245 portantibus
1152 2175 1268 2246 sequor

390 2274 530 2366 Pendet,
549 2289 583 2344 et
600 2289 729 2369 aquato
746 2274 816 2369 jam
832 2275 901 2369 jam
921 2295 1026 2368 prope
1043 2272 1150 2342 sidera
1168 2271 1269 2344 dorso

389 2398 568 2494 Frangitur
587 2422 595 2464 ε
616 2398 750 2466 incertae
766 2397 835 2491 jam
854 2397 916 2466 nec
935 2396 1030 2491 prior
1048 2395 1191 2491 impetus
1211 2394 1306 2483 alno,

384 2520 452 2590 Sed
469 2518 575 2607 labat,
589 2534 772 2589 exstantem
789 2521 906 2589 rostris
922 2518 1025 2588 modo
1043 2506 1174 2615 gurgiie
1191 2521 1227 2587 in
1246 2521 1326 2607 imo,

386 2640 488 2713 Nunc
504 2639 587 2711 coelo
606 2643 746 2711 Tritona
766 2640 873 2711 ferens
894 2668 901 2709 :
921 2665 982 2710 nec
998 2640 1121 2709 robora
1139 2657 1283 2735 prosunt

386 2762 575 2834 Semideum
593 2764 751 2853 heroum,
769 2786 982 2859 puppemque
1001 2764 1118 2832 insana
1137 2762 1282 2858 flagellat

385 2886 496 2956 Arbor
514 2910 521 2953 :
541 2900 576 2955 et
593 2882 740 2954 instabili
757 2886 979 2980 procumbens
997 2883 1143 2979 pondere
1163 2884 1283 2953 curvas

384 3009 510 3101 Raptat
527 3032 644 3103 aquas,
662 3008 812 3102 remique
828 3007 953 3078 cadunt
972 3008 1007 3075 in
1027 3021 1143 3102 pectus
1160 3010 1286 3078 inanes.

432 3131 527 3200 «Nos
538 3152 671 3224 quoque
683 3152 744 3224 per
753 3152 871 3224 rupes,
885 3150 1127 3223 murorumque
1136 3154 1260 3225 aggere
1271 3130 1311 3199 ab
1320 3126 1405 3207 omui,

384 3254 474 3320 Dum
492 3249 587 3319 labor
601 3248 658 3319 ille
674 3252 768 3339 viris,
786 3250 935 3344 fretaque
951 3250 1183 3345 indignantur,
1201 3266 1235 3319 et
1250 3252 1370 3335 Austri,

383 3372 535 3466 Desuper
550 3371 703 3441 invalidis
720 3373 884 3441 fluitantia
902 3371 967 3441 tela
983 3370 1130 3459 lacertiS,

382 3492 474 3579 Quid
491 3516 560 3562 non
578 3516 657 3563 ausa
675 3492 817 3564 manus?
834 3494 1014 3564 Telamona
1035 3508 1067 3564 et
1085 3493 1183 3563 Pelea
1201 3512 1316 3566 contra

382 3614 592 3709 Spargimus,
613 3629 647 3683 et
665 3630 781 3685 nostro
801 3617 925 3711 petitur
941 3616 1136 3711 Tirynthius
1156 3640 1247 3687 arcu.

381 3732 433 3802 llli
448 3736 572 3829 quippe
583 3735 681 3806 simul
696 3736 803 3827 bello,
816 3734 1000 3833 pelagoque
1015 3738 1179 3809 laborant.

381 3858 461 3924 Pars
477 3856 598 3951 clypeis
615 3862 746 3928 munire
760 3876 881 3947 ratem,
896 3884 973 3955 pars
988 3886 1122 3955 aequora
1137 3862 1242 3932 fundo

319 4043 322 4050 ,
381 3977 550 4071 Egcmre:
572 3994 625 4048 ast
642 3980 698 4057 alii
717 3997 883 4077 pugnant,
904 3985 962 4053 sed
982 3986 1101 4053 inertia
1118 4000 1214 4053 motu

380 4098 544 4191 Corpora,
562 4124 795 4198 suspensaque
811 4121 924 4175 carent
941 4108 1116 4176 conamine
1133 4108 1231 4175 vires.
