2934 4950
64 415 167 477 (snas.)
374 413 587 470 utmnumos
606 413 714 469 LIBER
735 415 769 469 V.
1061 414 1094 470 δι’

64 544 204 608 Tantane
222 564 276 608 me
295 553 395 608 tanta
414 553 553 609 tenuere
571 538 693 608 oblivia
715 539 824 609 curae?

63 665 143 728 Dum
159 663 287 755 patrios
306 686 422 751 casus,
441 659 601 753 famaeque
619 687 737 731 exorsa
754 677 897 732 retracto

62 782 237 851 Ambitiosa
255 807 350 871 merc,
369 783 476 878 pietas
494 783 565 852 haec
583 807 719 878 magna,
740 781 902 879 fidesque!

62 902 185 971 Exsolvi
208 904 287 991 tibi,
307 907 451 992 lemae,
474 903 592 974 nefas:
612 905 669 973 ubi
689 905 798 975 letifer
817 908 953 1001 anguis,
1030 969 1033 974 ,

62 1027 167 1111 Ferte,
190 1024 309 1109 duccs;
331 1027 442 1094 meriti
461 1028 488 1095 si
506 1041 639 1120 quaest
659 1027 741 1094 mihi
762 1028 866 1121 gratia
885 1027 978 1117 duri,

63 1149 91 1214 Si
109 1149 184 1241 quis
204 1149 312 1217 honos
331 1147 453 1218 dictis:
472 1164 531 1219 aut
549 1173 608 1218 vos
628 1151 829 1244 exstinguite
848 1149 952 1236 ferro,

62 1271 107 1337 Nc
126 1271 236 1338 tristes
256 1269 429 1358 dominos,
451 1271 634 1364 orbamque
656 1271 788 1340 inimica
809 1272 948 1340 revisam

62 1391 243 1486 Eurydicen
263 1420 271 1460 :
291 1415 482 1487 quanquam
502 1393 592 1461 haud
611 1389 659 1461 illi
678 1417 753 1460 mea
774 1417 855 1462 cura
872 1392 1018 1486 doleqdo

63 1513 209 1583 Gesserit.
226 1517 344 1584 Hocnc
361 1514 469 1583 ferens
486 1539 573 1584 onus
592 1513 757 1584 illaetabile
776 1517 890 1584 matris

62 1634 300 1705 Translimdam
318 1635 464 1731 gremio?
482 1661 555 1728 quae
573 1660 626 1704 me
643 1636 735 1730 prius
753 1637 818 1704 ima
837 1637 899 1705 sub
918 1625 1051 1706 umbras

62 1759 188 1852 Mergat
200 1757 344 1828 humus?
353 1787 370 1821 r
382 1755 489 1826 Simul
499 1757 569 1826 hacc
582 1772 738 1852 terraque
751 1773 783 1825 et
795 1760 957 1851 sanguine
970 1757 1098 1830 vultum

63 1879 198 1950 Sordida
214 1905 413 1976 magnorum
430 1882 517 1950 circa
534 1879 673 1976 vestigia
689 1905 807 1976 regum

62 2003 224 2086 Vertitur,
243 2017 275 2071 et
294 2003 392 2071 tacite
409 2002 626 2072 moerentibus
645 2003 787 2097 imputat
806 2001 922 2072 undas.

104 2129 145 2194 Et
162 2126 231 2218 jam
253 2123 390 2194 sacrifici
411 2125 541 2194 subitus
561 2149 621 2218 per
639 2139 727 2192 tecta
745 2127 890 2220 Lycurgi

62 2249 203 2315 Nuntius
221 2245 375 2340 implerat
395 2245 549 2341 lacrymis
568 2247 743 2341 ipsumque
761 2245 978 2339 domumque,

64 2366 167 2459 lpsum
190 2367 426 2436 adventantem
447 2368 557 2436 Persei
579 2362 704 2436 vertice
722 2381 839 2436 sancto

62 2489 199 2577 Montis,
217 2490 275 2557 ubi
293 2489 431 2557 adverso
450 2488 588 2557 dederat
605 2503 759 2584 prosecta
777 2490 940 2570 Tonanti,

62 2614 98 2678 Et
115 2625 218 2706 caput
237 2613 329 2679 iratis
349 2598 483 2679 rediens
500 2610 679 2705 quassabat
698 2609 742 2677 ab
763 2611 856 2679 extis.

65 2734 117 2800 llic
134 2757 204 2802 sese
225 2731 388 2828 Argolicis
409 2734 592 2801 immunem
613 2747 724 2808 servat
744 2732 785 2800 al)
805 2734 906 2803 armis

64 2852 154 2921 Haud
174 2855 278 2923 animi
301 2878 439 2942 vacuus,
461 2853 517 2922 sed
536 2851 662 2948 templa
682 2877 814 2947 araeque
834 2855 1002 2925 tenebant.

62 2974 127 3042 Nec
145 2975 225 3044 dum
244 2978 344 3045 ctiam
362 3000 520 3071 responsa
538 2980 666 3062 Deum,
685 2977 898 3070 monitusque
915 2979 1038 3048 vetusti

63 3097 274 3186 Exciderant,
293 3122 423 3191 voxque
441 3122 483 3166 ex
503 3098 610 3191 adytis
628 3112 764 3191 accepta
782 3098 978 3192 profundis,

61 3220 207 3307 «Prima,
225 3224 393 3314 Lycurge,
410 3220 504 3288 dabis
522 3221 650 3289 Dircaeo
668 3220 786 3288 funera
806 3220 930 3290 bello.»

65 3338 97 3405 ld
113 3356 222 3427 cavet,
241 3356 275 3409 ct
291 3354 425 3411 moestus
441 3342 541 3409 vicini
559 3339 697 3435 pulvere
713 3344 832 3411 Martis

64 3463 203 3555 ungitur
218 3461 263 3529 ad
281 3460 399 3549 lituos,
420 3464 641 3555 periturisque
658 3461 785 3531 invidet
803 3466 914 3533 armis.

105 3585 187 3652 Ecce
205 3582 287 3651 fides
309 3566 490 3677 Superum!
511 3582 634 3651 laceras
655 3584 813 3653 comitata
832 3585 994 3655 Thoantis

62 3700 199 3773 Advenit
219 3706 394 3797 exsequias
414 3730 421 3772 :
444 3720 561 3773 contra
581 3704 671 3774 subit
690 3704 788 3773 obvia
809 3720 930 3794 mater,

61 3822 229 3894 Femineas
248 3839 352 3895 coetus
370 3825 627 3920 plangentiaque
644 3828 779 3920 agmina
798 3825 932 3896 ducens.

61 3945 102 4010 tt
120 3968 188 4012 non
205 3947 420 4040 magnanimo
438 3947 544 4040 pietas
565 3948 684 4040 ignava
705 3950 861 4041 Lycurgo
881 3973 888 4013 :

61 4066 190 4133 Fortior
207 4064 263 4134 ille
280 4066 391 4157 malis,
412 4066 642 4161 lacrymasque
663 4069 779 4136 insana
799 4068 949 4140 resorbet

931 4195 942 4226 Ι

925 4223 956 4272 4.
