2934 4950
24 417 112 482 (ωε.)
330 416 544 473 maurinos
566 411 676 471 uranu
699 411 763 469 vu.
1017 426 1053 482 91

22 546 90 611 lam
110 541 227 629 levior,
247 540 345 611 tardo
363 540 517 611 flectebat
537 540 684 635 pondere
703 536 843 607 vultum.

66 664 114 733 Ut
130 665 157 731 si
177 662 313 757 quando
332 664 418 751 ruit,
438 660 681 754 debellatasque
698 658 835 753 reliquit

22 787 125 853 Eurus
145 807 263 877 aquas,
283 806 347 877 pax
367 784 438 876 ipsa
456 796 579 871 tumet,
599 796 806 877 pontumque
823 779 985 872 jacentem

23 904 185 971 Exanimis
202 903 273 996 jam
290 902 394 972 volvit
413 902 542 971 hiems:
560 902 820 972 nondum-arma
839 898 959 967 carinis

23 1024 154 1111 Omnia,
177 1046 238 1091 nec
256 1037 327 1091 toto
342 1025 507 1118 respirant
521 1037 655 1118 pectore
671 1035 789 1090 naute.

65 1144 214 1213 Finierat
229 1168 357 1239 pugnas
375 1144 485 1213 honor
503 1141 698 1237 exsequialis
716 1144 877 1224 inermes,

25 1262 170 1333 Necdum
187 1264 327 1333 aberant
344 1279 465 1353 noetus,
482 1265 676 1357 cunctisque
693 1260 866 1331 silentibus
880 1260 979 1329 heros

25 1387 104 1455 Vina
120 1384 193 1456 solo
210 1384 352 1455 firndons
372 1388 515 1455 cinerem
532 1383 687 1480 placabat
702 1382 865 1453 Adrastus

27 1506 236 1576 Archemori:
252 1508 347 1593 «Da,
365 1530 482 1599 parve,
503 1518 598 1575 tuum
619 1490 789 1575 trieteride
806 1499 910 1571 multa

26 1626 209 1695 Instaurare
224 1626 329 1713 diem;
347 1650 408 1697 nec
428 1628 560 1697 saucius
580 1626 727 1697 Arcadas
745 1650 819 1694 uras

26 1744 222 1817 Melit-adire
240 1744 376 1843 Pelops,
394 1746 550 1843 Elaeaque
567 1746 679 1843 pulset
697 1747 826 1817 eburna

26 1866 153 1962 Templa
170 1892 291 1956 manu3
309 1894 370 1939 nec
382 1868 535 1939 Castaliis
553 1868 713 1939 altaribus
733 1868 868 1963 anguis,

27 1988 89 2057 Noe
106 2012 166 2058 sua
185 1988 338 2084 pinigero
355 1993 461 2087 magis
480 1990 616 2061 adnatet
637 1990 755 2060 umbra
772 1989 922 2059 Locum.

28 2111 90 2178 h'os
107 2125 141 2179 te
159 2108 303 2206 lugenti,
321 2134 416 2207 puer,
437 2111 626 2181 inficiamur
643 2117 795 2205 Averno,

28 2232 204 2326 Moestaque
223 2234 393 2328 perpetuis
413 2230 586 2303 sollemnia
601 2234 774 2329 jungimus
795 2233 910 2320 ustris3

29 2352 118 2421 Nunc
138 2351 259 2422 festina
275 2354 396 2424 cohors
413 2380 421 2423 τ
440 2370 475 2423 at
495 2357 522 2424 si
540 2356 668 2425 Boeotia
687 2353 776 2423 ferro
867 2378 872 2395 ⁸

30 2472 160 2544 Vertere
176 2490 264 2544 tecta
282 2475 392 2566 dabis,
410 2479 541 2572 mugnis
558 2492 638 2547 tunc
655 2477 790 2573 dignior
809 2477 892 2558 aris,

29 2595 113 2664 Tunc
131 2599 242 2683 Deus3
265 2597 417 2668 Inachias
436 2621 497 2668 neo
513 2613 644 2668 tantum
660 2597 748 2666 cultu
769 2621 829 2692 per
843 2594 944 2664 urhes

31 2716 182 2806 Numina,
200 2719 340 2813 captivis
357 2719 457 2788 etiam
472 2720 629 2814 jurahere
643 2720 776 2790 Thebis.
791 2748 808 2785 o

31 2838 99 2906 Dux
112 2862 152 2908 ea
165 2861 229 2934 pro
246 2841 374 2909 eunctis
390 2867 399 2909 :
418 2839 533 2910 eadem
550 2841 612 2910 sihi
630 2843 772 2936 quisque
787 2840 939 2910 vovebat.

73 2961 147 3028 lam
161 2961 278 3055 pronis
295 2962 463 3032 Gradivus
481 2965 575 3057 equis
593 2961 758 3058 Ephynoea
775 2962 947 3056 premebat

33 3081 153 3170 Litora,
170 3103 239 3176 quia
257 3107 403 3153 summes
421 3099 522 3180 caput
540 3085 804 3155 Acrocorinthus
819 3085 854 3152 in
873 3106 971 3150 auras

33 3199 140 3291 Tollit,
159 3217 195 3274 et
211 3202 341 3275 alterna
357 3207 528 3302 geminum
547 3229 640 3278 mare
657 3207 805 3301 protegit
822 3203 951 3273 umbra.

35 3322 105 3392 lude
123 3349 231 3394 unum
248 3325 323 3395 dira
341 3328 500 3396 comitum
519 3326 561 3396 de
579 3325 675 3420 plebe
691 3330 857 3396 Pavorem

35 3443 266 3541 Quadrupedes
282 3449 409 3518 anteire
422 3448 539 3544 jubet:
558 3473 627 3518 non
647 3447 731 3517 ulter
753 3447 891 3518 anhelos
940 3490 948 3502 =

36 3565 197 3636 Insinuare
212 3583 341 3657 metus,
357 3570 574 3664 animumque
590 3581 740 3638 avertere
755 3570 842 3639 ueris

28 3688 139 3794 ¹Aptior
154 3714 163 3757 ε
179 3689 365 3759 innumere
380 3706 530 3760 monstro
548 3716 728 3786 vocesque,
744 3673 946 3786 manusque,

36 3807 69 3873 Et
82 3808 181 3880 facies
197 3835 406 3906 quaecunque
422 3809 505 3882 libet
522 3815 652 3884 :honus
672 3815 785 3883 omnia
801 3812 893 3881 credi

36 3931 157 4021 luctor,
173 3947 207 4002 et
223 3933 391 4005 horrificis
406 3933 579 4033 lymphare
597 3935 785 4006 incursibus
801 3934 911 4004 urbes.

29 4050 62 4144 ,Si
79 4056 227 4147 geminos
244 4054 344 4146 soles,
364 4059 561 4153 ruituraque
581 4058 718 4128 suadeat
733 4071 837 4146 auhn,
