2934 4950
86 465 114 527 [v.
127 469 192 527 ¹71)
384 468 599 526 THEBAIDOS
619 469 729 526 LIBER
751 471 804 526 111.
1067 471 1125 526 225

83 593 235 689 Phyllea3
251 597 539 690 sanguineumque
560 595 673 665 lavant
689 601 872 668 Acamanta
891 623 1029 668 sorores.

128 721 225 786 Tunc
242 715 504 813 ferro’retegunt
521 716 636 805 silvas,
653 717 814 814 collisque
831 721 1013 815 propinqui

87 841 254 907 annosum
274 852 435 907 truncant
452 840 599 933 apicem,
619 841 678 932 qui
697 842 848 910 conscius
866 841 947 910 actis
986 861 989 868 ’

83 961 214 1047 Noctis,
235 974 271 1028 et
287 962 430 1054 inspexit
449 962 617 1056 gemitus:
636 961 682 1030 ibi
704 961 864 1056 grandior
881 985 952 1031 aevo

83 1085 165 1152 nne
183 1106 300 1177 rogos,
321 1080 403 1152 dum
423 1084 565 1176 quisque
585 1107 647 1153 suo
664 1085 782 1178 nequit
803 1085 879 1178 igne
897 1081 1011 1154 revelli

85 1201 271 1272 Concilium
289 1197 471 1272 infaustu'm
489 1202 587 1272 dictis
607 1201 776 1273 mulcebat
794 1201 951 1276 Alethes:

130 1323 404 1419 «Saepequidem
424 1323 554 1409 infelix,
569 1325 730 1417 varioque
746 1327 890 1393 exercita
909 1323 988 1394 ludo

86 1450 241 1514 Fatorum
257 1470 339 1540 gens
353 1461 469 1516 nostra
486 1445 575 1531 ruit,
593 1444 749 1516 Sidonius
770 1471 808 1513 ex
826 1469 893 1538 quo

83 1569 208 1660 Hospes
226 1567 260 1634 in
281 1568 407 1636 Aonios
421 1567 501 1660 jecit
518 1581 588 1636 sata
605 1567 713 1636 ferrea
730 1563 857 1652 sulcos;

87 1686 178 1756 Unde
195 1689 275 1756 novi
293 1687 409 1776 foetus,
429 1701 463 1756 et
479 1685 657 1757 formidata
673 1685 800 1756 colonis

83 1811 169 1878 Arva
186 1809 254 1878 suis
269 1835 278 1876 ι
293 1807 351 1877 sed
367 1833 428 1877 nec
445 1809 565 1879 veteris
580 1833 686 1902 quum
704 1810 796 1903 regia
812 1808 931 1878 Cadmi

84 1927 290 1998 Fulmineum
308 1931 343 1998 in
362 1931 509 1998 cinerem
526 1931 662 1998 monitis
674 1929 816 1999 lunonis
837 1930 960 2023 iniquae

86 2052 259 2140 Consedit,
278 2075 387 2146 neque
402 2052 540 2121 funerea
562 2075 667 2144 quum
686 2049 785 2121 laude
804 2051 932 2146 potitus

84 2171 197 2241 infelix
215 2173 374 2243 Athamas
392 2171 524 2267 trepido
544 2171 718 2242 demente
738 2173 890 2256 veniret,

86 2295 313 2363 Semianimem
327 2295 395 2364 heu
413 2292 488 2362 laeto
504 2292 650 2362 referens
669 2291 815 2362 clamore
833 2293 1042 2382 Learchum;

86 2418 144 2485 Hic
162 2419 304 2513 gemitus
319 2416 443 2488 Thebis
458 2442 467 2485 :
482 2441 544 2487 nee
559 2430 711 2510 tempore
725 2414 849 2485 clarius
868 2412 926 2485 illo

85 2537 257 2609 Phoenissae
275 2564 417 2609 sonuere
436 2537 575 2626 domus,
597 2563 703 2632 quum
722 2536 808 2606 lassa
825 2536 972 2606 furorem

86 2662 185 2750 Vicit,
203 2675 237 2728 et
253 2660 294 2731 ad
306 2663 467 2731 comitum
486 2658 646 2754 lacrymas
665 2660 798 2755 expavit
817 2661 941 2753 Agave.

86 2782 155 2849 Una
171 2780 241 2851 dies
258 2779 374 2853 similis
392 2781 460 2851 sato
478 2784 652 2877 specieque
668 2778 834 2850 malorum

88 2902 183 2995 AEqua
203 2902 285 2989 fuit,
307 2928 372 2996 qua
390 2902 622 2998 magniloquos
639 2901 702 2972 luit
719 2903 822 2996 impia
842 2900 939 2971 flatus

86 3022 244 3114 Tantalis,
258 3024 441 3093 innumeris
460 3049 566 3117 quum
586 3023 788 3093 circumfusa
808 3022 914 3093 ruinis

87 3145 227 3240 Corpora
243 3161 295 3217 tot
312 3158 445 3241 raperet
461 3162 570 3234 terra,
590 3161 643 3215 tot
661 3158 823 3241 quaereret
843 3147 945 3239 ignes.

130 3266 241 3338 «Talis
258 3282 330 3337 erat
347 3266 439 3363 vulgi
456 3282 579 3354 status,
596 3282 631 3336 et
647 3269 694 3336 sic
714 3268 799 3337 urbe
816 3265 928 3336 relicta

87 3387 295 3483 Primumque
315 3414 498 3484 senesque,
517 3403 550 3459 ct
565 3388 668 3483 longo
685 3390 838 3459 examine
853 3402 975 3457 matres

87 3506 239 3579 Invidiam
256 3508 414 3605 planxere
429 3511 527 3596 Deis,
543 3510 732 3603 miseroque
750 3507 898 3580 tumultu

88 3631 157 3699 Bina
175 3657 235 3728 per
251 3633 403 3727 ingentes
424 3633 593 3728 stipabant
607 3630 726 3701 funera
743 3646 866 3726 portas.

88 3752 196 3847 Meque
210 3756 344 3849 ipsum,
361 3754 498 3824 memini
515 3753 592 3851 (nec
606 3751 687 3823 dum
700 3768 781 3848 apta
797 3748 1078 3845 doloribusaetas)

89 3870 183 3944 Flesse
199 3891 333 3967 tamen,
351 3879 544 3973 gemituque
560 3901 653 3947 meos
671 3898 818 3970 aequasse
833 3886 998 3969 parentes.

88 3990 140 4063 llla
157 4013 262 4068 tamen
283 4000 427 4093 Superi:
444 4024 506 4069 nec
523 3999 614 4093 quod
635 3998 711 4084 tibi,
731 3995 844 4085 Delia,
862 4010 970 4065 castos

88 4116 268 4215 Prolapsum
287 4120 332 4193 ad
352 4121 478 4210 sontes,
498 4120 635 4217 specula
654 4132 839 4190 temerante
856 4116 1013 4213 profana,

194 4268 216 4313 1,
912 4262 952 4307 ro
