2934 4950
370 412 408 471 68
680 412 892 468 rueramus
908 412 1021 473 mann
1042 413 1091 468 vl.
1304 415 1401 478 (esst)

418 542 548 609 Interea
564 552 663 605 cantu
682 540 857 607 Musarum
874 536 985 605 nobile
1003 536 1151 606 mulcens

370 657 574 745 Concilium,
592 658 793 751 citharaeque
812 682 927 726 manus
946 659 1090 727 insertus
1109 659 1229 753 Apollo

369 780 523 847 Parnassi
541 803 671 847 summo
689 778 859 873 spectabat
876 779 918 846 ab
935 779 1057 847 ethere
1073 794 1194 868 terras,

371 902 456 968 Orsa
473 901 582 968 Deum
600 899 700 994 (nam
717 924 803 994 saepe
820 902 950 981 Iovem,
968 897 1228 994 Phlegramque,
1249 903 1361 995 suique

369 1020 496 1114 Anguis
514 1043 616 1113 opus,
635 1018 841 1112 fratrumque
859 1021 934 1113 pius
953 1034 1106 1088 cantarat
1124 1020 1294 1116 honores)

370 1142 465 1209 Tunc
486 1141 610 1234 aperit,
628 1142 701 1233 quis
721 1138 846 1208 fulmen
864 1155 959 1233 agat,
980 1141 1056 1233 quis
1076 1140 1185 1209 sidera
1203 1141 1305 1210 ducat

370 1260 531 1354 Spiritus,
549 1259 638 1329 unde
656 1262 758 1329 animi
776 1260 903 1347 lluviis,
925 1286 999 1353 quae
1019 1258 1143 1356 pabula
1162 1265 1288 1349 ventis,

368 1382 447 1468 Quo
465 1380 557 1449 fonte
573 1381 774 1449 immensum
789 1382 879 1449 vivat
896 1404 1005 1469 mare,
1016 1398 1095 1473 'quae
1111 1382 1165 1450 via
1183 1381 1268 1451 soles

367 1501 573 1594 Praecipitat,
594 1516 818 1593 noctemque
836 1504 1002 1595 porrigat,
1022 1502 1133 1569 imane
1155 1499 1267 1591 tellus,

367 1623 418 1687 An
435 1619 560 1708 media,
579 1636 612 1689 et
628 1644 744 1689 rursus
760 1620 886 1689 mundo
902 1622 1070 1689 succincta
1087 1619 1213 1688 latenti.

414 1742 504 1809 Finis
522 1755 612 1825 erat;
634 1740 745 1810 differt
764 1740 877 1809 avidas
894 1740 1009 1810 audire
1027 1766 1155 1809 sorores
1177 1767 1184 1807 τ

366 1865 522 1953 Dumque
540 1857 657 1953 chelyn
677 1859 791 1948 lauro,
811 1876 1004 1954 textumque
1023 1860 1151 1930 illustre
1169 1885 1301 1929 coronae

366 1979 535 2076 Subligat,
553 1996 585 2049 et
602 1983 693 2075 picto
711 1981 868 2077 discingit
885 1996 1018 2075 pectora
1036 1979 1157 2069 limbo,

365 2100 463 2169 Haud
481 2100 598 2196 procul
615 2100 814 2169 Herculeam
833 2104 981 2171 Nemeen
1000 2100 1144 2169 clamore
1161 2100 1318 2199 reductus

365 2222 532 2315 Adspicit3
551 2237 651 2316 atque
669 2220 737 2291 illic
754 2225 869 2317 ingens
887 2224 1074 2292 certaminis
1093 2224 1198 2290 instar

293 2382 299 2391 ·
365 2342 567 2438 Quadrijugi
588 2370 595 2411 :
617 2345 724 2412 noscit
744 2360 897 2432 cunctos,
916 2359 949 2412 et
966 2343 1051 2411 forte
1070 2345 1262 2438 propinquo

365 2466 590 2536 Constiterant
604 2463 764 2536 Admetus
781 2480 815 2534 et
830 2465 1052 2560 Amphiaraus
1068 2466 1102 2532 in
1119 2489 1210 2532 arvo.

364 2590 460 2656 Tunc
478 2611 607 2676 secum,
626 2587 817 2676 «Quisnam
835 2588 895 2655 iste
912 2586 1015 2677 duos,
1034 2585 1193 2654 fidissima
1208 2587 1332 2656 Phoebo

365 2709 530 2798 Nomina,
550 2709 714 2777 commisit
731 2711 822 2777 Deus
840 2709 874 2775 in
893 2707 1083 2806 discrimina
1100 2707 1216 2802 reges?

365 2831 472 2916 Ambo
487 2830 552 2923 pii,
572 2831 707 2922 carique
726 2829 826 2896 ambo
844 2855 852 2895 ε
873 2853 1035 2922 nequeam
1053 2829 1122 2923 ipse
1139 2830 1287 2923 priorem

365 2953 493 3020 Dicere.
516 2949 654 3020 Peliacis
673 2951 728 3019 hic
748 2975 852 3044 quum
871 2948 1055 3043 famularer·
1071 2952 1105 3018 in
1127 2953 1234 3038 aruis,

364 3073 419 3142 Sic
436 3072 526 3142 lovis
544 3074 698 3166 imperia,
717 3087 752 3140 et
769 3073 872 3166 nig'rae
891 3069 1026 3140 voluere
1043 3096 1187 3160 sorores,

364 3193 478 3262 Thura
495 3193 594 3261 dabat
612 3191 754 3279 famulo,
775 3217 835 3263 nec
852 3217 905 3261 me
923 3193 1046 3261 sentire
1062 3195 1228 3261 minorem

264 3335 273 3354 ·
366 3319 492 3398 husus3
517 3329 552 3382 at
570 3313 625 3381 hic
644 3314 814 3408 tripodum
835 3337 964 3399 comes,
985 3337 1018 3381 et
1035 3313 1109 3407 pius
1128 3314 1210 3380 artis
1229 3311 1370 3382 alumnus
1429 3354 1430 3365 2

365 3435 526 3504 AEthereae
546 3463 552 3504 :
573 3437 684 3528 potior
700 3438 827 3505 meritis
845 3451 955 3504 tamen
975 3433 1046 3521 ille,
1065 3434 1120 3504 sed
1139 3435 1240 3528 hujus

364 3559 520 3625 Extrema
533 3557 603 3649 jam
621 3555 676 3624 fila
693 3555 768 3626 colo
787 3584 795 3626 ε
813 3557 913 3625 datur
929 3555 1014 3624 ordo
1029 3571 1166 3625 senecta
1427 3530 1428 3563 l

364 3676 525 3767 Admeto,
543 3702 718 3772 serumque
737 3682 823 3747 mori
842 3706 849 3746 ε
871 3679 930 3747 tibi
949 3676 1041 3747 nulla
1060 3693 1238 3773 supersunt

364 3796 515 3884 Gaudia3
530 3799 599 3890 jam
616 3799 736 3868 Thebae
751 3800 865 3892 juxta,
883 3815 917 3868 et
934 3799 1107 3868 tenebrosa
1124 3823 1260 3894 vorago.

361 3919 433 3988 Scis
449 3920 564 4005 miser,
582 3935 615 3988 et
632 3937 752 3990 nostrae
769 3921 897 4014 pridem
916 3922 1064 3989 cecinere
1083 3919 1245 3988 volucres.
1259 3949 1276 3982 s

410 4039 520 4124 Dixit,
537 4055 568 4108 et
585 4066 622 4108 os
640 4041 718 4109 lletu
737 4067 828 4136 paene
847 4040 1038 4112 inviolabile
1055 4044 1178 4110 tinctus
