2934 4950
91 392 127 454 (v.
139 389 211 453 295.)
398 386 613 443 THEBAIDOS
632 388 744 444 LIBER
760 388 831 444 ΧΠ.
1086 400 1141 459 aar

91 525 207 611 Atque
227 516 283 584 ubi
301 539 362 610 per
381 539 517 608 campos
535 539 649 585 errore
667 515 819 586 fatiscere
838 540 926 587 vano

90 639 300 708 Immeritam
321 636 449 732 Argian
469 661 591 732 supero
610 639 758 732 respexit
776 638 820 707 ab
840 663 919 725 axe,

91 757 247 829 Indoluit
267 733 340 827 visu
360 783 367 826 ε
387 770 421 827 et
440 756 615 828 lunaribus
634 758 733 828 obvia
753 760 839 854 bigis

93 880 252 951 Advertit
271 903 428 968 currum,
449 877 646 974 placidaque
662 883 708 950 ita
728 907 810 952 voce
829 881 941 952 locuta
960 898 1035 952 est:

93 1032 112 1067 α
128 1004 183 1072 Da
200 1001 282 1069 mihi
303 1001 452 1097 poscenti
471 1026 593 1070 munus
612 1003 730 1091 breve,
749 1005 917 1097 Cynthia,
938 1007 966 1073 si
985 1006 1062 1099 quis

92 1127 156 1192 Est
174 1124 315 1192 lunonis
333 1121 441 1192 honos
460 1149 467 1191 :
486 1137 575 1192 certe
593 1125 684 1193 lovis
703 1124 858 1219 improba
874 1126 969 1219 jussu

91 1249 295 1314 Ternoctem
312 1241 508 1314 Herculeam
526 1259 677 1314 :veteres
697 1245 756 1314 sed
774 1247 874 1316 mitto
894 1244 1045 1341 querelas
1064 1272 1071 1313 :

92 1369 148 1434 En
168 1364 261 1435 locus
279 1365 392 1435 officio
410 1363 561 1436 :cultrix
579 1357 804 1461 placidissima
822 1370 928 1439 nostri

95 1488 229 1556 Inachis
246 1488 350 1582 Argia
367 1465 476 1555 cernis
494 1511 562 1580 qua
580 1502 680 1557 nocte
701 1504 854 1583 vagetur,

94 1611 168 1680 Nec
186 1610 335 1705 reperire
352 1610 462 1678 virum
478 1608 589 1677 densis
605 1623 704 1703 queat
724 1635 814 1705 aegra
832 1610 1000 1679 tenebris?

94 1737 140 1802 Et
161 1731 223 1800 tibi
242 1732 431 1800 nimbosum
451 1728 587 1825 languet
602 1731 729 1824 jubar:
751 1755 848 1800 erere
867 1757 981 1826 quaeso

96 1858 253 1938 Cornua,
270 1868 305 1921 et
319 1866 454 1922 assueto
471 1853 612 1948 propior
628 1868 762 1948 premat
777 1853 889 1922 orbita
902 1868 1019 1922 terras.

96 1980 198 2045 Hunc
218 1999 369 2069 quoque,
388 1975 446 2069 qui
462 1999 564 2042 curru
582 1973 733 2045 madidas
752 1975 813 2043 tibi
831 2000 958 2071 pronus
975 1975 1122 2044 habenas

95 2098 216 2186 Ducit,
237 2099 272 2166 in
293 2098 418 2166 Aonios
435 2094 550 2190 vigiles
569 2095 707 2166 demitte
724 2100 929 2192 Soporem.»

146 2221 215 2290 Vix
233 2243 291 2307 ea,
307 2243 415 2313 quum
434 2219 543 2286 scissis
565 2243 724 2313 magnum
742 2218 803 2288 dea
821 2219 967 2288 nubibus
982 2221 1100 2312 orbem

95 2339 243 2413 Protulit
261 2366 269 2408 :
288 2329 451 2435 expavere
469 2340 613 2428 umbrae,
633 2337 811 2435 fulgorque
829 2343 954 2411 recisus

99 2462 272 2534 Sideribus
291 2491 299 2532 ε
318 2463 375 2531 vix
393 2459 561 2593 ipsagulit
582 2463 740 2531 Saturnia
759 2461 918 2533 flammas.
1008 2545 1010 2550 Ι

97 2570 250 2659 Primum
270 2611 331 2681 per
349 2610 486 2679 campos
506 2583 618 2654 infuso
637 2583 781 2675 lumine,
800 2584 923 2680 pallam

98 2710 263 2805 Coujugis
280 2710 353 2803 ipsa
369 2732 446 2776 suos
463 2707 568 2775 noscit
589 2707 778 2776 miseranda
798 2705 944 2794 labores,

97 2834 304 2925 Quanquam
319 2844 409 2899 texta
425 2826 544 2916 latent,
560 2827 754 2925 suffusaque
772 2831 934 2926 sanguine
954 2845 1073 2898 moeret

97 2959 277 3049 Purpura:
297 2951 444 3045 dumque
462 2954 552 3020 Deos
570 2964 685 3039 vocat,
702 2950 795 3020 etde
812 2950 928 3019 funere
945 2976 1024 3020 caro

98 3081 174 3146 Hoc
192 3098 362 3171 superesse
380 3086 494 3168 putat,
511 3072 602 3142 videt
620 3074 731 3168 ipsum
749 3074 783 3141 in
802 3070 939 3168 pulvere
959 3098 1052 3167 paene
1100 3083 1103 3087 '

98 3195 298 3271 Calcatum:
318 3194 434 3291 fugere
449 3198 596 3281 animus,
613 3198 788 3291 visusque,
805 3220 991 3289 sonusque,

100 3318 307 3412 Inclusitque
327 3316 424 3387 dolor
445 3317 633 3412 lacrymas:
654 3334 736 3389 tunc
754 3342 896 3413 corpore
914 3331 986 3387 toto

99 3441 270 3511 Sternitur
290 3441 324 3508 in
341 3438 473 3527 vultus,
493 3442 704 3534 animamque
722 3464 784 3535 per
802 3437 917 3508 oscula
936 3442 1075 3534 quaerit'

99 3565 298 3651 Absentem,
316 3585 535 3658 pressumque
555 3563 659 3631 comis
681 3586 720 3630 ac
739 3576 827 3630 veste
846 3586 999 3632 cruorem

100 3689 282 3754 Servatura
301 3682 406 3780 legit:
425 3709 502 3753 mox
524 3681 658 3753 tandem
678 3708 760 3753 voce
780 3707 939 3752 reversa:

149 3836 166 3869 a
184 3808 285 3874 Hunc
303 3830 366 3903 ego
383 3821 434 3895 te,
454 3806 593 3898 conjux,
613 3803 655 3873 ad
673 3804 784 3875 debita
800 3828 904 3898 regna
923 3804 1112 3899 profectum
1130 3816 1133 3824 '

100 3933 288 4007 Ductorem
308 3926 405 4016 belli,
423 3952 650 4023 generumque
671 3928 817 4023 potentis
833 3926 969 3998 Adrasti

27 4138 30 4143 .
102 4050 284 4146 Adspicio?
301 4050 441 4146 talisque
460 4054 525 4121 tuis
543 4076 685 4121 occurro
703 4047 906 4144 triumphis?

248 4198 284 4243 11.
962 4166 1003 4238 16
