2934 4950
33 341 34 422 i
78 405 97 442 12
104 393 138 446 a)
387 381 579 436 snrmuu
600 383 709 440 amna
730 387 766 440 11.

33 457 35 550 l
152 508 192 572 Et
210 528 356 598 puppem
378 506 587 575 temerariam
605 509 783 596 Minerva,

152 627 246 692 Trita
257 625 387 693 vatibus
405 607 530 713 drbita‚
547 641 729 720 sequantur
746 654 754 696 :

153 748 202 812 Tu
218 768 313 812 carus
329 746 448 831 Latio,
469 770 662 840 memorque
681 749 788 843 gentis

153 868 295 940 Carmen
313 863 431 934 fortior
447 891 560 936 exeres
577 880 728 962 togatum
746 894 754 935 :

154 987 202 1053 Ac
217 986 379 1078 primum,
397 987 519 1054 teneris
537 985 647 1056 adhuc
665 987 700 1054 in
719 991 835 1074 annis,

154 1102 261 1171 Ludes
278 1107 443 1192 Hectora,
460 1104 701 1200 Thessalosque
718 1131 855 1195 currus,

152 1226 193 1290 Et
210 1222 350 1318 supplex
368 1225 492 1294 Priami
511 1227 657 1319 potentis
676 1249 806 1296 aurum.

155 1345 203 1410 Tu
219 1342 314 1411 sedes
330 1343 492 1413 reserabis
510 1343 709 1432 inferorum

154 1466 306 1557 Ingratus
323 1464 415 1533 Nero
432 1462 584 1534 dulcibus
603 1465 740 1534 theatris

155 1587 194 1652 Et
209 1598 324 1652 noster
340 1584 400 1652 tibi
418 1585 606 1679 proferetur
623 1585 790 1681 Orpheus.

155 1706 251 1773 Dices
267 1703 470 1774 culminibus
488 1707 584 1782 Remi
602 1720 786 1800 vagantes,

155 1823 311 1893 Infandos
328 1823 457 1893 domini
474 1827 626 1895 nocentis
642 1827 745 1920 ignes.

155 1946 202 2012 Tu
218 1958 317 2014 castae
334 1943 469 2014 titulum
487 1945 653 2040 decusque
669 1945 770 2016 Pollae

156 2064 303 2133 Iucunda
321 2063 415 2134 dahis
432 2065 643 2136 allocutione.

177 2185 300 2270 «Mox,
317 2199 424 2279 coepta
442 2187 634 2280 generosior
647 2187 798 2278 juventa,

157 2302 255 2373 Albos
273 2304 402 2374 ossibus
418 2303 511 2374 Italis
528 2303 721 2399 Philippos,

157 2425 196 2493 Et
209 2422 399 2495 Pharsalica
415 2422 504 2495 bella
523 2424 711 2514 detonabis,

157 2546 195 2611 Et
211 2543 337 2614 fulmen
354 2546 447 2614 ducis
466 2548 555 2616 iuter
570 2571 663 2615 arma
679 2548 775 2635 Divi;

156 2664 319 2734 libertate
339 2691 474 2761 gravem
493 2668 549 2761 pia
567 2668 747 2755 Catonem,

159 2787 198 2853 Et
217 2799 349 2880 gratum
366 2785 590 2881 popularitate
606 2790 781 2884 Magnum.

158 2906 205 2973 Tu
221 2905 382 2977 Pelusiaci
402 2907 507 2979 scelus
525 2910 655 3004 Canopi

159 3024 298 3096 Dellebis
315 3028 405 3122 pius;
421 3042 456 3098 et
472 3030 581 3100 Pham
598 3045 737 3101 cruenta

158 3148 313 3243 Pompeio
330 3148 423 3219 dabis
440 3149 537 3221 altius
555 3150 754 3246 sepulcrum.

175 3272 280 3338 «Hac
297 3272 407 3364 primo
421 3272 554 3366 juvenis
570 3298 668 3342 canes
684 3274 745 3342 sub
761 3300 848 3362 avo,

161 3392 244 3461 Ante
261 3416 366 3461 annos
383 3391 506 3462 Culicis
523 3395 723 3463 Maroniani.

160 3510 260 3581 Cedet
275 3515 374 3581 Musa
391 3513 482 3583 rudis
499 3515 616 3584 ferocis
634 3517 721 3585 Enni

158 3634 198 3700 Et
215 3632 303 3703 docti
321 3634 416 3703 furor
432 3634 553 3704 arduus
570 3638 720 3727 Lucreti,

160 3755 198 3821 Et
213 3757 269 3849 qui
289 3780 350 3849 per
366 3756 451 3825 freta
467 3756 558 3827 ducit
575 3760 800 3853 Argonautas,

161 3877 200 3943 Et
216 3880 273 3971 qui
291 3903 436 3973 corpora
451 3880 558 3973 prima
576 3880 797 3974 transfigurat.

160 3994 244 4085 Quin
264 3984 374 4092 majus
391 3995 525 4092 loquor;
543 3999 612 4093 ipsa
630 4013 661 4067 te
679 4001 808 4067 Latinis
891 4012 894 4020 '
