2934 4950
79 471 116 532 (v.
128 457 202 534 8³⁵.)
411 465 628 526 Tmolum
644 467 759 526 LIBER
773 469 811 525 X.
1077 489 1132 529 nor

70 601 145 668 Seu
161 619 291 693 magnae
306 593 386 666 dau
403 595 494 666 seme
512 597 603 687 ueni,
615 599 682 666 'seu
701 595 778 666 leetu
795 595 981 668 maiorum-

70 719 265 814 Principia,
279 732 312 787 et
333 716 465 789 blande
483 721 652 813 Superum
669 717 870 790 mortalibus
886 722 956 790 irae.

82 819 85 824 ⁸
124 820 200 912 iarn
219 839 358 910 sordent
377 853 509 910 terrens
527 819 618 926 viro,
639 840 806 935 tedetque
824 840 1001 936 profunde·

70 963 202 1054 Caedis,
220 963 442 1035 etvexhuustis
461 960 542 1034 oiim
561 963 772 1058 Graiumque
792 964 928 1058 suisque

70 1085 281 1175 Missilibus,
302 1083 389 1156 lassa
410 1087 557 1180 respexit
573 1087 609 1156 in
631 1086 758 1156 ethere
775 1086 903 1158 dextre.

71 1207 195 1280 Ardua
213 1233 292 1278 mox
311 1222 407 1278 torvo
425 1209 564 1278 metitur
581 1205 730 1279 culmina
748 1209 841 1298 visu,

70 1334 344 1425 Innumerasque
355 1327 496 1424 gradus,
509 1329 641 1424 gemine
652 1323 741 1399 lutus
753 1330 876 1401 arbore
887 1329 1037 1424 clusus„

69 1453 217 1524 Aerium
235 1452 297 1521 sibi
318 1464 431 1547 portet
448 1451 523 1536 iter,
542 1449 711 1548 longeque
729 1451 901 1524 timendus

69 1572 284 1644 Multifidnm
302 1597 463 1668 quereum
481 1571 637 1668 flagranti
659 1571 787 1643 lumine
808 1574 928 1644 vibret

71 1699 183 1766 Arma
203 1695 329 1766 rubent
350 1720 433 1784 una,
455 1693 631 1790 clipeoque
648 1693 844 1767 incenditur
862 1697 961 1792 ignis·

70 1848 89 1882 α
106 1820 200 1904 Huc,
218 1819 283 1906 ait,
302 1817 337 1887 in
353 1817 503 1903 Thebas,
518 1815 583 1889 hec
601 1841 657 1888 me
668 1817 768 1913 jubet
784 1816 897 1888 ardua.
910 1818 1019 1887 virtus
1049 1847 1053 1857 ¹

68 1943 145 2029 lre,
164 1942 340 2010 Menoeceo
356 1921 424 2036 que
442 1939 573 2012 lubrica
592 1941 757 2035 sunguine
774 1940 888 2010 turris.

69 2063 252 2158 Experiar,
270 2060 352 2157 quid
373 2085 466 2132 suern
480 2063 618 2156 juvent,
636 2085 681 2132 en
697 2060 801 2132 falsus
812 2059 948 2155 Apollo.
959 2091 979 2127 n
1003 2121 1007 2128 .

123 2185 238 2275 Dixit,
256 2197 290 2253 et
308 2182 439 2254 alterno
457 2185 590 2278 captive
611 2183 649 2252 iu
664 2184 788 2253 rnoeniu
809 2202 925 2279 gressu

73 2307 195 2402 Surgit
212 2330 315 2376 ovans
330 2331 339 2374 ι
357 2303 475 2402 quales
493 2303 611 2375 mediis
629 2304 665 2374 in
681 2304 837 2374 nubibus·
845 2307 950 2374 aether

71 2426 172 2499 Vidit
192 2427 345 2518 Aloidas,
363 2451 470 2524 quum
486 2441 649 2501 cresceret
667 2428 775 2523 impia
791 2423 891 2499 tellus

70 2555 286 2647 Despecture
304 2554 414 2641 Deos,
432 2576 495 2623 neo
511 2550 621 2621 adbuc
641 2551 788 2620 immune
806 2552 936 2621 veniret

71 2671 214 2761 Pelion,
232 2690 266 2743 et
284 2672 455 2769 trepidum
472 2673 543 2768 jam
561 2686 714 2768 tangeret
733 2676 820 2743 Osse
836 2676 1036 2743 Tonantem.

120 2798 212 2865 Tum
231 2820 310 2865 vero
328 2796 462 2865 attoniti
478 2793 626 2865 futorum
642 2796 678 2864 in
695 2793 832 2865 cardine
849 2819 1002 2884 summo,

71 2920 147 2987 Ceu
164 2940 322 3011 supreme
338 2914 411 2987 lues
430 2915 565 3005 urbem,
586 2915 782 3011 facibusque
798 2919 946 2987 muentis

72 3042 262 3135 AEquuture
281 3038 353 3111 solo
374 3054 483 3111 turres
500 3037 642 3115 Bellone
658 3039 802 3130 subiret,

73 3161 244 3233 Omnibus
262 3161 398 3235 etectis
416 3162 570 3233 certatim
590 3162 741 3257 ingentis
757 3186 855 3251 saxu,
989 3206 995 3221 ·

72 3286 295 3378 Roboraque,
310 3300 343 3355 et
357 3284 512 3380 gravidus
525 3283 637 3355 funde
652 3282 983 3383 Balearisbnbenas,

74 3406 190 3501 (Nam
200 3404 339 3501 jaculis,
354 3405 505 3500 noeloque
515 3408 609 3503 vagis
623 3430 699 3501 spes
711 3406 803 3477 unde
815 3408 971 3504 sagittis?
983 3409 997 3503 )

73 3531 204 3598 Verum
217 3528 307 3599 uvidi
319 3543 354 3598 et
368 3542 537 3599 tormenta
546 3542 677 3618 rotant,
696 3544 730 3598 et
741 3528 888 3599 molibus
900 3545 1033 3627 urgent.
1091 3613 1097 3621 ,

75 3647 137 3721 Ille
156 3674 221 3729 neo
239 3652 395 3747 ingestis,
415 3676 477 3721 nec
495 3666 590 3748 terga
607 3652 823 3745 sequentibus
842 3674 993 3747 uuquam

76 3771 275 3843 Detrahitur
291 3771 385 3863 telis,
404 3798 580 3869 vacuoque
599 3773 663 3845 sub
682 3798 762 3844 nere
779 3772 928 3869 pendens

76 3892 180 3965 Plane
199 3891 292 3965 velut
309 3911 401 3967 terra
418 3912 529 3968 certus
546 3896 684 3994 vestigia
701 3894 799 3992 figat,

77 4014 218 4107 Tendit,
236 4030 271 4086 et
290 4018 420 4113 ingenti
437 4019 527 4089 subit
543 4033 742 4091 occurrente
758 4020 868 4089 ruine,

79 4139 194 4209 Amnis
214 4155 253 4210 ut
267 4140 463 4211 incumbens
481 4140 621 4236 iongaevi
639 4141 762 4213 robore
778 4144 891 4238 pontis
