2934 4950
33 360 63 419 a.
76 356 153 419 aas.)
343 352 553 409 nunnunos
576 354 686 409 num
708 352 757 407 ut
1026 366 1077 419 υτ

33 482 74 547 Ni
93 477 248 547 mortalis
268 502 349 573 ego,
366 492 399 546 et
419 478 479 561 tihi
497 478 615 548 ductus
633 478 674 547 ab
694 477 818 546 aethere
833 477 1006 571 sanguis.»

80 601 140 669 Sic
157 599 205 669 ait
224 596 436 686 infrendens,
455 615 489 668 et
509 613 628 692 sponte
646 597 833 667 furentibus
853 593 951 665 undis

33 724 138 815 Signa
157 719 270 791 dedit:
286 721 388 788 mittit
407 717 535 813 gelidus
555 734 715 788 montana
731 718 902 789 Cithaeron

37 839 190 925 Auxilia,
207 840 425 934 antiquasque
445 841 553 927 nives,
574 853 607 907 et
625 836 748 933 pabula
766 838 892 907 brumae

36 964 87 1028 lre
102 961 222 1053 jubet:
241 960 343 1029 frater
361 962 476 1047 tacitas
494 964 623 1054 Asopos
641 960 734 1028 eunti

38 1080 207 1149 Conciliat
223 1081 329 1168 vires,
349 1094 382 1148 et
398 1078 518 1149 hiulcis
539 1080 676 1175 flumina
693 1080 787 1148 venis

38 1204 222 1297 Suggerit:
242 1204 311 1296 ipse
329 1224 416 1287 cavae
431 1217 597 1271 scrutatur
617 1202 743 1270 viscera
759 1216 872 1286 terrae,

40 1326 251 1417 Stagnaque,
270 1338 503 1417 torpentesque
525 1321 632 1409 lacus,
654 1322 830 1417 pigrasque
848 1321 985 1416 paludes

41 1444 196 1527 Excutit,
214 1459 313 1537 atque
331 1442 444 1513 avidos
465 1442 583 1511 tollens
602 1442 643 1511 ad
663 1441 772 1511 sidera
788 1442 900 1513 vultus
1006 1427 1009 1431 ¹

42 1568 225 1632 Humentes
247 1563 383 1633 nebulas
400 1564 574 1651 exhaurit,
595 1580 628 1633 et
647 1589 722 1632 aera
740 1566 851 1633 siccat.

43 1690 187 1779 Jamque
204 1710 303 1779 super
321 1686 409 1779 ripas
425 1700 568 1778 utroque
586 1686 769 1754 exstantior
785 1684 857 1753 ibat

46 1812 197 1900 Aggere,
213 1806 282 1897 jam
305 1805 450 1874 medium
470 1805 570 1875 modo
589 1807 646 1898 qui
665 1819 1023 1900 superaveratamnem

46 1926 282 2021 Hippomedon
301 1929 444 1996 intactus
462 1929 556 2021 aquis
578 1928 801 2021 humerosque
819 1952 1021 2023 manusque,

46 2050 191 2115 Miratur
207 2049 345 2116 crevisse
365 2047 503 2133 vadum,
524 2072 657 2140 seseque
674 2050 849 2118 minorem.

50 2171 132 2236 llino
151 2184 252 2261 atque
271 2169 348 2237 hine
368 2168 484 2238 tumidi
503 2168 636 2253 fluctus,
656 2171 872 2262 animosaque
890 2170 998 2264 surgit

48 2293 236 2382 Tempestas
257 2291 359 2357 instar
374 2287 499 2385 pelagi,
518 2314 621 2383 quum
640 2286 789 2358 Pleiadas
807 2289 934 2377 haurit,

50 2412 113 2478 dut
132 2411 267 2503 nigrum
282 2410 416 2504 trepidis
434 2411 588 2505 impingit
605 2412 732 2480 Oriona
750 2413 868 2480 nautis.

96 2534 175 2599 Nou
194 2555 287 2598 secus
305 2555 458 2624 aequoreo
473 2531 578 2624 jactat
593 2533 810 2600 Theumesius
828 2534 934 2601 amnis

51 2650 317 2745 Hippomedonta
337 2649 422 2739 salo,
438 2678 630 2746 semperque
648 2653 792 2723 umbone
809 2654 943 2723 sinistro

52 2771 207 2858 Tollitur,
229 2787 261 2840 et
278 2771 431 2868 clypeum
449 2775 601 2867 nigrante
615 2777 805 2868 supervenit
820 2790 900 2844 aestu

53 2895 213 2985 Spumeus
231 2892 409 2981 assultans,
429 2893 598 2989 fractaque
610 2895 799 2966 refunditur
814 2895 906 2966 unda

54 3017 94 3080 Et
111 3012 246 3083 cumulo
264 3016 387 3108 majore
407 3017 511 3085 redit:
532 3042 591 3086 nec
611 3016 697 3086 mole
713 3016 852 3110 liquenti

55 3135 250 3220 Contentus,
269 3139 375 3230 carpit
393 3152 505 3229 putres
525 3140 690 3207 servantia
709 3139 799 3232 ripas

58 3254 217 3337 arbusta,
236 3280 442 3350 annosasque
460 3259 588 3345 trabes,
606 3259 776 3352 ejectaque
793 3259 897 3328 fundo

58 3376 142 3443 Saxa
158 3391 245 3444 rotat
261 3401 269 3444 :
286 3392 350 3445 stat
366 3403 478 3473 pugna
497 3381 615 3473 impar,
631 3383 805 3473 amnisque
821 3382 969 3474 virique,

58 3495 253 3586 Indignante
269 3500 363 3566 Deo:
386 3523 446 3568 nee
465 3501 552 3567 enim
572 3499 629 3568 dat
647 3515 759 3596 terga,
776 3525 838 3569 nee
856 3498 931 3569 ullis

59 3619 233 3710 Frangitur
253 3615 308 3685 ille
325 3619 440 3704 minis,
462 3623 696 3714 venientesque
713 3620 835 3689 obvius
852 3620 958 3689 undas

60 3737 179 3823 Intrat,
200 3752 234 3805 et
251 3737 380 3829 objecta
400 3738 544 3834 dispellit
556 3741 693 3810 llumiua
711 3765 837 3835 parma.
875 3755 947 3768 *⁸*

61 3857 152 3922 Stant
170 3871 258 3924 terra
276 3856 420 3952 fugiente
438 3858 578 3954 gradus;
595 3877 627 3929 et
641 3859 766 3956 poplite
784 3879 876 3930 tenso

64 3975 203 4045 Lubrica
220 4003 298 4046 saxa
317 3995 451 4068 natant,
468 3981 672 4076 genibusque
688 3983 851 4070 obnixus,
868 3997 901 4052 et
920 3983 1047 4051 haerens
