2934 4950
69 461 102 518 (v.
115 455 187 514 415.)
387 449 601 508 Tuuuatuos
621 449 732 506 Ltuuu
751 449 790 504 X.
1065 449 1119 520 187

53 584 242 650 vVenantes
263 574 439 662 Numidae,
452 591 548 646 natos
564 589 675 646 erecta
690 590 856 670 superstat

68 704 189 771 Mente
206 698 269 769 sub
286 699 430 785 incerta,
448 711 584 770 torvum
600 722 640 767 ac
655 695 845 768 miserabile
858 693 1023 768 freudms.

68 821 133 891 Illa
152 821 289 916 quidem
307 820 446 893 turbare
467 817 602 916 globos,
621 833 656 888 et
674 818 828 914 frangere
844 843 960 889 morsu

69 941 152 1014 Tela
171 957 288 1038 queat,
310 940 372 1012 scd·
384 939 489 1036 prolis
507 964 604 1012 amor
620 938 769 1010 crudelia
785 940 891 1011 vincit

69 1070 226 1154 Pectora,
247 1078 281 1134 et
299 1089 319 1134 a
338 1063 448 1136 media
466 1061 596 1136 catulos
617 1063 847 1162 circumspicit
864 1064 925 1133 ira.

70 1190 116 1258 Et
132 1188 204 1282 jam
221 1184 302 1258 laeva
316 1188 412 1290 ¹nico,
430 1187 584 1282 quamvis
605 1187 868 1258 sevire-vetaret

69 1308 262 1405 Amphion,
282 1323 396 1404 erepta
414 1333 549 1400 mnus,
568 1310 731 1404 puerique
749 1309 932 1378 trahuntur

70 1434 145 1501 Ora
161 1432 281 1526 supina
297 1431 427 1502 comis:
447 1455 541 1501 serus
560 1445 641 1500 tunc
659 1429 805 1525 denique
821 1428 961 1524 supplex

68 1554 226 1624 Demisso
247 1577 408 1624 mucrone
426 1568 524 1650 rogat
538 1571 551 1624 ’τ
570 1583 587 1619 s
605 1553 831 1642 Moderatius,
852 1577 929 1640 oro,

69 1677 211 1765 Ducite3
230 1673 382 1751 fulminei
399 1700 461 1771 per
478 1700 538 1748 vos
556 1675 726 1746 cunabula
745 1675 884 1761 Bacchi,

69 1799 258 1892 Inoamque
273 1798 408 1894 lugam,
424 1799 593 1894 vestrique
608 1795 808 1868 Palaemonis
824 1821 940 1867 annos.
1023 1843 1027 1849 -

69 1920 108 1989 Si
127 1919 184 1988 cui
204 1915 290 1988 forte
309 1917 400 1990 domi
420 1933 577 1991 natorum
597 1919 737 2016 gandia,
757 1921 878 2014 siquis

70 2040 136 2112 Hic
155 2054 269 2136 pater,
288 2042 421 2138 angusti
441 2066 548 2136 puero
566 2041 643 2112 date
658 2039 807 2138 pulveris
822 2040 984 2127 haustus,

70 2163 305 2258 Exiguumque
322 2159 430 2235 lacem
447 2190 456 2232 :
475 2178 591 2260 rogat,
609 2187 651 2233 en
669 2177 768 2260 rogat
783 2165 855 2259 ipse
870 2163 1008 2257 jacentis

71 2281 221 2354 Vultus:
239 2308 303 2381 ego
318 2283 472 2356 infandas
489 2286 603 2381 potior
620 2287 741 2356 satiare
756 2285 921 2356 volucres.

71 2405 131 2476 Me
149 2407 296 2503 prebete
312 2407 393 2477 feris
411 2433 420 2477 :
440 2429 504 2508 ego
523 2406 610 2479 bella
629 2406 754 2479 audere
769 2407 875 2503 coegi.
894 2435 912 2472 s

72 2558 88 2593 r
106 2533 238 2621 Immo,
256 2530 305 2601 ait
321 2532 516 2626 Amphion,
533 2556 648 2628 regem
661 2533 690 2603 si
708 2545 803 2602 tanta
818 2528 944 2626 cupido

73 2649 248 2741 Condere,
265 2676 340 2747 quae
357 2652 484 2722 timidis
496 2650 575 2725 belli
593 2678 708 2740 mens,
724 2651 801 2741 ede,
817 2649 981 2747 Pelasgis,

74 2771 169 2863 Quid
187 2772 307 2864 fracti,
327 2800 579 2871 exsanguesque
595 2790 717 2871 parent
734 2801 744 2845 z
762 2787 884 2845 cuncta
904 2797 1006 2870 ocyus
1025 2771 1123 2859 effer,

74 2898 117 2967 Et
131 2897 222 2984 vita,
236 2894 434 2991 tumuloque
452 2896 546 2967 ducis
562 2897 727 2985 donatus,
744 2896 847 2968 abito.
863 2924 881 2961 s

74 3020 236 3105 Horruit,
253 3034 287 3089 et
306 3032 378 3089 toto
395 3018 579 3115 praecordia
596 3019 753 3116 protinus
768 3022 874 3089 Arcas

75 3138 236 3235 Implevit
253 3136 421 3236 capulo«
440 3144 660 3214 summumne
675 3142 742 3214 hoc
759 3138 910 3213 cladibus
922 3140 1085 3233 ,inquit,
1169 3166 1173 3175 ·

75 3264 217 3349 Deerat,
236 3275 274 3331 ut
291 3260 432 3331 afflictos
451 3276 623 3357 turpatum
643 3288 706 3358 ego
725 3261 879 3358 proditor
897 3260 1029 3355 Argos?

76 3380 134 3455 Nil
148 3382 293 3452 emimus
309 3384 409 3471 tanti,
426 3408 489 3455 uec
505 3385 553 3453 sic
569 3382 673 3457 velit
665 3408 735 3480 ipse
753 3385 937 3455 σιωπή.»

124 3505 181 3573 Sic
200 3504 263 3589 ait,
283 3517 316 3573 et
332 3528 454 3600 magno
471 3506 674 3600 proscissum
691 3503 830 3577 vulnere
847 3518 964 3601 pensis

77 3624 199 3717 lnjecit
215 3650 339 3720 puero,
358 3648 583 3723 supremaque
600 3651 776 3701 murmura
796 3624 934 3696 volvens
954 3650 963 3695 t

78 3774 94 3809 r
112 3750 186 3816 Hoc
204 3760 316 3817 tamen
333 3748 463 3847 interca
479 3774 559 3821 caro
579 3751 708 3846 potiere
728 3746 892 3845 sepulcro.
914 3777 930 3812 a

25 3918 28 3931 .
78 3866 173 3937 Tales
192 3870 318 3965 optatis
335 3892 455 3967 regum
481 3872 516 3943 in
538 3871 770 3968 complexibus
787 3870 910 3956 ambo,

78 3990 144 4057 Par
163 3991 293 4085 insigne
306 3992 441 4078 animis,
459 3991 587 4065 AEtolus
600 4007 634 4063 et
650 3992 795 4089 inclytus
811 3996 933 4079 Arcas,

79 4112 238 4209 Egregius
251 4111 364 4183 efflant
380 4114 528 4204 animas,
545 4114 680 4210 letoque
696 4115 864 4187 fruuntur.
