2934 4950
96 434 129 495 (v.
145 433 216 495 tae)
407 434 622 492 mannos
642 438 752 493 mett
771 439 819 494 lv¹

92 559 225 631 Nexilis
244 562 422 631 innumero
436 561 616 656 chalybum
633 566 820 636 subtemine
842 564 979 647 thorax,

94 682 331 767 Horrendum,
348 707 418 751 non
435 686 551 753 matris
565 710 665 777 opus,
694 681 852 779 galeaque
869 708 1007 753 corusca

93 804 271 871 Prominet
284 827 361 871 arce
380 804 494 898 gigas,
513 822 613 898 atque
628 807 688 873 uni
707 804 839 874 missilis
857 803 906 874 illi
967 850 1029 859 -—-

96 922 247 1017 Cuspide
264 924 399 1020 praelixa
414 940 482 993 stat
500 925 678 997 frondibus
693 928 776 997 orba
793 952 982 1022 cupressus.

149 1047 238 1113 Huic
256 1070 375 1140 parere
391 1046 479 1132 dati,
496 1072 580 1141 quos
596 1048 715 1119 fertilis
734 1051 973 1145 Amphigenia,

97 1164 272 1260 Plenaque
287 1170 460 1256 Messene,
479 1185 703 1266 montanaque
720 1174 831 1243 nutrit
849 1172 996 1259 Ithome,

100 1290 199 1377 Quos
217 1290 364 1376 Thrion,
383 1305 417 1359 et
435 1294 576 1362 summis
592 1296 759 1389 ingestum
777 1291 948 1363 montibus
966 1293 1062 1387 AEpy,

101 1412 198 1499 Quos
220 1409 335 1494 Helos,
352 1427 387 1481 et
403 1413 557 1505 Pteleon,
573 1419 694 1485 Getico
712 1442 797 1509 qnos
814 1415 925 1486 flebile
944 1417 1010 1485 vati

101 1535 236 1603 Dorion
253 1559 261 1604 t
276 1534 330 1603 hic
349 1534 453 1604 fretus
470 1536 585 1607 doctas
606 1541 737 1610 anteire
752 1541 910 1621 canendo,

103 1654 267 1740 Aonidas,
286 1670 396 1731 mutos
412 1658 590 1753 Thamyris
603 1658 781 1733 damnatus
801 1665 835 1731 in
852 1687 956 1735 anuos

104 1780 176 1847 ore
191 1776 311 1865 simul,
324 1778 520 1874 citharaque
537 1782 626 1875 (quis
645 1784 744 1858 obvia
761 1787 899 1853 numina
916 1781 1086 1877 temnatl)

103 1898 278 1966 Conticuit
295 1923 457 1995 praeceps,
475 1905 532 1996 qui
551 1930 620 1973 non
637 1906 819 1975 certamine
836 1906 954 1977 Phoebi

105 2020 246 2106 Nosset‚
265 2035 301 2087 et
316 2018 461 2091 illustres
479 2026 598 2121 Satyro
616 2028 781 2123 pendente
799 2027 947 2098 Celonas.

156 2145 294 2232 Jamque
309 2157 342 2212 et
357 2144 483 2213 fatidici
501 2172 594 2217 mens
610 2166 798 2246 expugnata
819 2151 942 2219 fatiscit

109 2268 275 2359 Auguris3
294 2264 349 2334 ille
366 2266 500 2360 quidem
517 2294 629 2355 casus,
648 2289 683 2342 et
700 2273 773 2342 dira
792 2273 923 2342 videbat

109 2390 229 2484 Signa,
249 2388 307 2457 sed
325 2390 397 2483 ipsa
413 2414 516 2460 manu
531 2397 701 2464 cunctanti
719 2397 878 2489 injecerat
895 2418 986 2465 arma

110 2516 270 2606 Atropos,
291 2512 515 2608 obrueratque
535 2518 664 2601 Deum3
683 2541 744 2584 nec
762 2515 913 2608 conjugis
929 2514 1050 2582 absunt

109 2634 257 2722 Insidiae,
275 2636 444 2730 vetitoque
462 2637 581 2706 domus
594 2639 664 2731 jam
681 2614 828 2732 fulgurat
847 2661 939 2706 auro.

110 2762 182 2826 Hoc
200 2781 318 2828 aurum
338 2757 491 2841 [ati-„fata
509 2758 641 2829 exitiale
660 2761 841 2828 monebant
915 2751 923 2839 l

111 2879 293 2975 Argolico:
311 2882 372 2948 scit
388 2895 421 2948 et
441 2883 511 2974 ipse
527 2881 635 2970 nefas,
653 2883 710 2951 sed
729 2881 855 2978 perlida
871 2884 993 2974 conjux

111 3006 211 3072 Dona
228 3003 301 3069 viro
318 3015 448 3070 mutare
464 3001 561 3085 velit,
580 3003 761 3098 spoliisque
779 3007 923 3098 potentis

111 3125 270 3191 Imminet
282 3123 408 3217 Argiae,
426 3137 589 3217 raptoque
603 3125 764 3194 excellere
782 3123 885 3195 cultu.

160 3243 224 3312 llla
240 3242 345 3312 libens
362 3243 458 3338 (nam
474 3267 591 3339 regum
607 3248 751 3333 animos,
767 3261 800 3316 et
816 3247 961 3342 pondera
977 3244 1053 3316 belli
1199 3319 1208 3331 ,

116 3372 186 3436 Hac
204 3378 321 3434 nutare
337 3364 446 3451 videt,
465 3367 590 3458 pariter
606 3369 641 3434 ni
659 3369 819 3461 providus
839 3370 938 3438 heros

113 3485 258 3579 Militet)
276 3488 347 3579 ipsa
366 3509 476 3554 sacros
493 3487 620 3579 gremio
634 3486 798 3579 Polynieis
817 3491 917 3556 amati

114 3609 282 3702 Deposuit
298 3630 405 3674 nexus
420 3606 512 3674 haud
529 3621 664 3693 moesta,
682 3622 781 3700 atque
801 3611 935 3702 insuper
953 3611 1064 3679 addit:

164 3758 182 3792 α
196 3731 274 3798 Non
291 3728 361 3796 haec
376 3744 455 3822 apta
471 3730 555 3796 mihi
574 3728 688 3796 nitidis
706 3729 893 3817 ornatibus,
915 3733 1043 3824 inquit,

116 3852 301 3942 Tempora,
320 3873 381 3918 nec
398 3852 526 3919 miserae
544 3849 695 3944 placeant
713 3852 855 3945 insignia
874 3851 987 3920 formae

118 3969 166 4037 Te
182 3970 276 4037 sine:
296 3983 347 4037 sat
360 3969 500 4038 dubium
521 3985 609 4038 ooetu
626 3969 753 4040 solante
771 3971 923 4039 timorem

120 4084 265 4176 Fallere,
284 4105 315 4157 et
333 4089 476 4159 incultos
496 4093 562 4159 aris
582 4090 758 4160 adversere
776 4094 892 4160 crines.

1123 449 1138 499 7
