2934 4950
367 486 385 541 6
732 487 762 541 P.
784 487 907 542 PUBLlI
928 485 1050 541 STATll
1334 495 1440 548 (uuo)

367 617 419 683 Tu
439 615 536 684 civile
556 614 663 699 nefas,
684 627 720 682 tu
740 614 873 683 tardum
892 614 928 682 in
947 613 1071 683 foedera
1089 626 1237 682 montem

368 738 487 830 Longo
504 738 614 804 Marte
630 734 746 804 domas
763 762 771 803 ε
789 733 880 829 quod
898 736 925 803 si
945 749 978 803 te
998 749 1111 803 nostra
1129 732 1280 803 tulissent

369 856 509 944 Saecula,
530 870 707 944 tentasses,
727 881 781 925 me
800 881 869 924 non
890 855 1049 944 audente,
1068 852 1251 950 profirndos

368 979 423 1045 Ire
441 975 532 1046 lacus
551 1002 558 1045 :
579 977 637 1046 sed
656 981 764 1047 Roma
782 990 855 1046 tuas
876 977 1035 1045 tenuisset
1053 976 1238 1044 habenas.»

419 1097 526 1166 Cedat
545 1122 670 1191 equus,
687 1098 791 1166 Latiae
809 1098 868 1192 qui
887 1111 1004 1166 contra
1025 1091 1148 1190 templa
1163 1095 1303 1180 Diones,

370 1219 510 1287 Caesarei
530 1231 594 1286 stat
615 1216 691 1285 sede
711 1216 775 1286 fori
794 1217 918 1313 (quem
938 1217 1069 1286 tradere
1089 1241 1123 1284 es
1141 1239 1239 1284 ausus

368 1335 502 1424 Pellaeo,
521 1337 687 1432 Lysippe‚
708 1337 801 1425 duci,
821 1361 899 1407 mox
917 1338 1056 1406 Caesaris
1076 1361 1136 1404 ora

369 1460 497 1526 Aurata
515 1458 643 1526 cervice
663 1453 854 1554 tulit);krix
874 1457 1002 1527 lumine
1021 1458 1106 1526 fesso

340 1569 343 1579 ¹
370 1561 531 1671 Explor'es
551 1601 652 1671 quam
671 1577 792 1673 longus
809 1580 845 1646 in
863 1579 955 1647 hunc
972 1577 1145 1672 despectus
1165 1576 1207 1644 ab
1227 1572 1295 1643 illo.

369 1699 455 1788 Quis
475 1697 568 1768 rudis
585 1723 690 1793 usque
709 1698 812 1789 adeo,
832 1701 891 1793 qui
911 1724 1001 1786 non,
1021 1712 1060 1767 ut
1079 1697 1201 1766 viderit
1217 1696 1358 1784 ambos,

368 1822 515 1887 Tantum
534 1819 622 1888 dieat
639 1845 762 1914 equos,
780 1834 943 1915 quantum
961 1820 1084 1890 distare
1100 1817 1278 1914 regentes?

369 1941 450 2011 Non
469 1939 533 2009 hoc
551 1939 736 2010 imbriferas
755 1943 891 2035 hyemes
911 1966 1010 2036 opus,
1031 1952 1090 2009 aut
1107 1941 1199 2009 Jovis
1219 1941 1336 2033 ignem

369 2062 621 2156 Tergeminum,
640 2061 738 2130 AEolii
759 2087 828 2132 non
849 2064 982 2158 agmina
1000 2063 1140 2131 carceris
1159 2060 1290 2146 horret,

369 2183 589 2252 Annorumve
608 2208 734 2271 moras,
755 2184 855 2252 stabit
874 2182 955 2251 dum
976 2172 1065 2252 terra
1084 2179 1268 2277 polusque,

369 2307 460 2374 Dum
480 2307 632 2372 Romana
653 2302 731 2372 dies.
752 2307 827 2374 Huc
846 2319 879 2373 et
898 2305 959 2374 sub
980 2317 1077 2373 nocte
1097 2301 1244 2388 silenti,.

369 2425 457 2493 Cum
476 2425 757 2537 superistemena
777 2425 925 2522 placent,
942 2438 1000 2496 tua
1018 2427 1116 2496 turba
1136 2424 1252 2495 relicto

370 2546 519 2614 Labetur
535 2544 634 2633 coelo,
653 2546 871 2641 miscebitque
889 2546 1001 2617 oscula
1017 2550 1113 2643 juxta
1133 2574 1142 2616 z

369 2666 435 2735 Ibit
455 2667 490 2734 in
510 2665 681 2761 amplexus
699 2680 811 2756 natus,
831 2668 1019 2763 fraterque,
1042 2683 1216 2763 paterque,

369 2790 415 2856 Et
434 2812 529 2856 soror
547 2813 555 2857 τ
577 2812 646 2856 una
664 2786 777 2859 locum
796 2791 909 2859 cervix
927 2788 1195 2897 dabitomnibus
1213 2790 1323 2861 astris.

370 2910 475 2978 Utere
489 2922 688 3003 perpetuum
709 2907 825 3003 populi
844 2910 1023 3003 magnique
1042 2925 1175 2979 senatus

371 3030 514 3097 Munere
533 3054 541 3096 ε
563 3025 710 3123 Apelleae
729 3044 890 3123 cuperent
910 3043 942 3097 te
961 3031 1105 3101 scribere
1124 3056 1226 3119 cerae,

372 3151 594 3244 Optassetque
614 3174 703 3217 novo
722 3148 863 3218 similem
885 3164 918 3220 te
939 3176 1065 3247 ponere
1075 3151 1210 3248 'templo

372 3271 505 3340 Atticus
522 3267 602 3338 Elaei
621 3270 734 3339 senior
750 3271 863 3358 Jovis3
883 3285 917 3340 et
938 3285 995 3341 tua
1014 3274 1120 3343 mitis.

373 3394 445 3462 Ora
463 3393 583 3478 Taras,
601 3407 660 3461 tua
679 3390 824 3461 sidereas
842 3394 1007 3461 imitantia
1026 3394 1177 3464 flammas

373 3511 538 3600 Lumina,
556 3524 750 3607 contempto
770 3512 885 3583 mallet
900 3515 1038 3585 Rhodos
1056 3540 1173 3611 aspera
1190 3516 1330 3587 Phoebo.

375 3635 494 3702 Certus
510 3656 601 3701 ames
618 3647 740 3722 terras,
760 3648 794 3703 et
813 3659 886 3729 quae
906 3635 967 3704 tibi
987 3635 1111 3733 templa
1129 3637 1277 3706 dieamus

375 3756 450 3847 lpse
468 3750 557 3824 colas
576 3780 584 3822 ε
606 3780 667 3823 nee
686 3770 719 3823 te
736 3754 808 3825 coeli
824 3757 919 3851 juvet
934 3753 1030 3855 ¹aula3
1046 3772 1186 3853 tuosque

261 3895 264 3905 ¹
376 3876 486 3944 Laetus
503 3875 582 3944 huic
602 3875 690 3946 dono
710 3875 822 3945 videas
841 3876 1178 3975 darethuranepotes
