2934 4950
589 925 635 1010 II

121 1215 470 1284 EPITIIALAMION
496 1215 677 1284 STELLAE
700 1215 757 1282 ET
780 1213 1113 1284 VIOLANTILLAE.

554 1601 566 1606 ..
575 1595 698 1612 *-

139 1903 247 1969 Unnn
264 1921 360 1966 sacro
379 1898 467 1966 Latii
487 1910 671 1966 sonuerunt
689 1896 836 1986 carmine
855 1894 1012 1965 montes?

96 2022 176 2110 Cui,
195 2024 321 2107 Paean,
341 2043 429 2088 nova
448 2017 573 2114 plectra
592 2043 727 2106 moves,
748 2017 954 2112 humeroque
970 2018 1116 2087 comanti

96 2141 290 2212 Facundum
311 2139 484 2236 suspendis
500 2137 606 2208 eburi
623 2119 746 2210 Procul
766 2164 841 2208 ecce
858 2163 983 2220 canoro

97 2265 295 2358 Demigrant
311 2260 471 2331 Helicone
489 2261 573 2348 deae,
591 2262 813 2356 quatiuntque
830 2285 961 2330 novena

97 2383 265 2479 lampade
284 2380 467 2452 solemnem
484 2381 636 2456 thalamis
656 2381 853 2452 coeuntibus
869 2382 995 2479 igoem,

98 2508 135 2573 Et
148 2504 189 2573 de
208 2505 329 2573 Pieriis
349 2502 496 2573 vocalem
517 2502 664 2573 sontibus
683 2503 819 2572 undam.

98 2626 184 2715 Quas
205 2626 296 2693 inter
311 2622 407 2693 vultu
427 2624 580 2719 petulans
600 2623 715 2719 Elegia
734 2624 959 2719 propinquat,

98 2744 223 2816 Celsior
242 2758 392 2831 assuet03
409 2744 568 2839 divasque
585 2745 751 2832 hortatur,
771 2759 806 2813 et
822 2744 928 2813 ambit

99 2864 275 2936 Alternum
295 2865 423 2977 sactum?
442 2865 583 2959 pedem,
605 2865 833 2959 decimamque
849 2864 956 2933 videri

100 2989 137 3056 Se
154 2989 264 3083 cupit,
281 3001 314 3056 et
332 2986 457 3056 medias
474 2983 559 3056 fallit
578 2987 742 3081 permixta
761 2980 901 3055 sororel.

140 3112 217 3203 Ipsa
234 3133 338 3177 manu
356 3120 497 3201 nuptam
512 3108 655 3203 genitrix
672 3108 789 3177 AEneia
806 3108 898 3178 ducit

100 3230 239 3297 Lumina
253 3228 445 3316 demim,
463 3241 497 3297 et
513 3226 603 3297 dulci
619 3230 786 3323 probitate
801 3229 976 3297 rubentem
995 3254 1004 3295 ε

101 3349 171 3441 Ipsa
186 3364 298 3436 toros,
316 3363 349 3417 ct
365 3372 457 3419 sacra
473 3361 585 3444 parat3
601 3350 780 3443 cinctuque
796 3350 919 3418 Latino

100 3468 311 3537 Dissimulate
326 3468 439 3557 deam,
454 3471 581 3539 crinem
599 3468 796 3564 vultumque
812 3494 979 3565 genasque

100 3589 287 3683 Temperat,
303 3602 405 3683 atque
419 3614 508 3660 nova
525 3592 622 3687 gestit
639 3594 751 3660 minor
766 3592 815 3660 ire
830 3592 960 3661 marita.

101 3709 206 3778 Nosco
221 3709 311 3779 diem
326 3732 509 3805 causasque
523 3710 608 3781 sacri
624 3737 633 3781 ε
651 3728 684 3781 te
700 3714 848 3782 concinit
864 3713 925 3781 iste

102 3829 227 3921 (Pande
247 3828 369 3926 foresl)
390 3844 438 3920 te,
459 3830 576 3920 Stella,
594 3830 715 3903 chorus
733 3859 741 3902 :
760 3832 819 3901 tibi
834 3832 979 3902 Phoebus
996 3846 1029 3902 et
1047 3836 1141 3902 Evan

102 3950 141 4017 Et
156 3950 196 4019 de
210 3950 366 4021 Mandis
380 3948 517 4022 volucer
532 3954 726 4050 Tegeaticus
742 3952 862 4023 umbra

103 4070 189 4139 Serta
204 4070 314 4142 serunt
331 4087 340 4143 ἐ
362 4098 425 4143 nec
440 4070 583 4143 blandus
600 4078 715 4163 Amor,
727 4099 793 4144 nec
808 4074 928 4145 Gratia
944 4086 1048 4143 cessat
