2934 4950
371 441 407 508 ⁵4
666 419 667 422 Ἴ
730 445 759 499 P.
782 443 904 506 auam
925 440 1046 500 STATII
1345 455 1386 509 (v.
1402 454 1446 501 ,αἱ

370 567 507 661 Quique
527 566 627 635 refert
643 569 787 662 jungens
807 569 924 637 iterata
943 565 1105 637 vocabula
1125 566 1258 661 perdix3

262 776 265 788 Ι
369 691 412 757 Et
431 711 504 782 quae
523 687 673 757 Bistonio
693 689 844 783 queritur
864 712 958 757 soror
976 688 1057 756 orba
1075 686 1199 774 cubili3

369 809 466 876 Ferte
487 805 585 876 simul
605 809 763 902 gemitus,
783 820 990 902 cognataque
1010 806 1119 877 ducite
1139 807 1280 876 flammis

368 929 517 1015 Funera,
542 941 575 995 et
595 928 659 996 hoo
681 941 808 1020 cunetae
827 927 1051 996 miserandum
1071 926 1228 996 addiscite
1249 952 1410 996 carmen
1434 955 1440 995 :

417 1077 434 1112 <t
448 1048 582 1118 Occidit
615 1047 710 1116 aeriae
731 1045 944 1116 celeberrima
964 1047 1070 1142 gloria
1090 1049 1197 1142 gentis

370 1167 551 1253 Psittacus,
573 1164 628 1236 ille
647 1165 752 1261 plagae
769 1167 883 1237 viridis
902 1181 1058 1262 regnator
1073 1172 1168 1254 Eoee;

371 1287 482 1376 Quem
501 1311 570 1355 non
588 1302 754 1382 gemmata
775 1287 919 1357 volucris
937 1289 1082 1356 Junonia
1101 1287 1206 1357 cauda

369 1407 543 1496 Vinceret,
564 1421 700 1501 aspectu
715 1405 815 1503 gelidi
835 1432 904 1476 non
922 1406 1073 1477 Phasidis
1093 1407 1174 1494 ales,

369 1529 441 1598 Nec
458 1553 542 1623 quas
564 1529 714 1598 humenti
734 1527 890 1598 Numida
908 1553 1049 1622 rapuere
1069 1529 1129 1596 suh
1150 1531 1286 1598 Austro.

369 1646 431 1717 Ille
450 1647 610 1717 salutator
629 1673 761 1744 regum,
779 1673 968 1741 nomenque
987 1647 1116 1717 locutus

370 1771 573 1868 Caesamnm,
593 1782 626 1837 et
644 1767 775 1863 queruli
793 1768 962 1863 quondam
982 1769 1054 1837 vice
1071 1769 1208 1838 fimetus‘
1222 1771 1346 1860 amici,
1444 1789 1445 1794 ’

370 1891 471 1960 Nunc
490 1890 630 1957 conviva
650 1887 749 1976 levis,
768 1903 1017 1982 monstrataque
1032 1888 1173 1958 reddere
1192 1891 1295 1958 verba

370 2011 454 2078 Tam
473 2007 577 2077 facilis
598 2035 605 2076 ε
628 2023 768 2103 quotu,
787 2010 908 2079 Melior
927 2008 1060 2096 dilecte,
1081 2008 1225 2098 recluso,

369 2129 552 2222 Nunquam
570 2127 659 2198 solus
679 2154 762 2199 eras,
786 2133 830 2200 At
850 2155 918 2199 non
936 2128 1098 2225 inglorius
1119 2130 1245 2200 umbris

369 2250 518 2319 Mittitur
538 2275 546 2318 τ
567 2251 700 2344 Assyrio
718 2251 844 2320 cineres
864 2249 1039 2320 adolentur
1059 2275 1212 2338 amomo,

370 2374 413 2440 Et
432 2384 545 2440 tenues
563 2371 712 2442 Arabum
725 2372 891 2467 respirant
911 2373 1061 2467 gramina
1079 2370 1220 2467 plume,
1289 2405 1292 2413 ·

370 2493 584 2588 Sicaniosque
599 2516 713 2563 crocos
730 2519 739 2563 ε
761 2495 852 2564 senio
872 2518 934 2563 nec
951 2493 1054 2563 fessus
1070 2494 1169 2561 inerti

371 2613 506 2683 Scandit
520 2614 676 2685 odoratos
695 2614 835 2686 Phoenix
854 2614 980 2684 felicior
998 2615 1100 2710 ignes.

526 2851 573 2889 μ
