2934 4950
384 444 440 513 ¹34
621 476 626 487 =
689 442 901 500 multamus
921 441 1034 500 mut
1047 442 1125 499 vm.
1309 441 1399 505 (nus)

381 567 550 658 Vulnera,
569 590 629 639 nec
647 564 725 638 lelix
741 566 865 637 dextra
884 582 999 656 tenor,
1017 566 1052 635 in
1070 564 1157 637 latus
1176 567 1241 635 iras

380 690 537 785 Frangit,
555 704 589 759 et
605 703 750 785 expertae
762 691 832 783 jam
853 713 922 758 non
940 688 1032 757 venit
1053 687 1174 756 obrius
1190 686 1301 755 hastae.

429 812 533 900 Eece,
552 809 672 881 ducem
690 824 825 899 turmae,
843 824 934 879 certa
950 807 1143 903 indignatus
1158 810 1193 878 in
1210 808 1337 876 hostem

317 977 321 985 κ
380 930 534 1027 Spicula,
551 929 638 1001 felici
654 931 839 1017 Prothoum
856 944 1014 1023 torquere
1030 926 1156 999 lcoerm

381 1050 550 1121 Turbidus
564 1050 735 1138 OEnidcs,
753 1074 822 1119 una
837 1050 907 1119 duo
922 1072 1063 1144 eorpora
1078 1048 1180 1144 pinu,

381 1170 669 1267 Cornipedemque
686 1172 896 1265 equitemque
914 1170 991 1239 ferit
1008 1194 1017 1237 ε
1036 1171 1106 1239 ruit
1126 1168 1183 1238 ille
1201 1182 1347 1239 ruentem

382 1292 422 1361 ln
441 1276 647 1379 Prothoum,
669 1288 845 1387 lapsasque
861 1312 965 1359 manu
983 1290 1163 1383 quaerentis
1181 1289 1329 1359 habenas

351 1482 355 1493 ,
381 1413 421 1479 ln
439 1409 549 1481 vultras
567 1410 715 1507 galeam,
732 1409 951 1506 clypeumque
970 1410 1005 1479 in
1020 1422 1158 1505 pectora
1174 1408 1299 1491 micat,

383 1532 519 1601 Saucius
536 1545 686 1601 extremo
703 1531 811 1601 donec
827 1554 905 1600 oum
921 1530 1084 1624 sanguine
1101 1529 1213 1599 frenos

382 1652 540 1746 Respuit,
557 1667 590 1722 et
602 1652 719 1745 juncta
736 1650 874 1720 domino
888 1650 1017 1719 cervino
1031 1650 1204 1719 recumbit

432 1772 488 1841 Sic
503 1768 613 1841 ulmus
629 1772 790 1865 vitisque,
807 1768 931 1867 duplex
944 1772 1077 1864 jactura
1091 1768 1221 1857 coloni,

381 1890 544 1961 Gaurano
558 1890 600 1959 dc
612 1906 726 1961 monte
739 1889 866 1961 cadum
880 1916 888 1959 :
904 1890 961 1960 sed
975 1891 1124 1959 moestior
1136 1889 1249 1961 ulmus

382 2010 513 2098 Quaerit
531 2024 710 2105 utrumque
728 2036 864 2100 nemus,
886 2036 948 2081 nce
968 2025 1038 2080 tam
1057 2036 1117 2080 sua
1136 2011 1274 2081 brachia
1294 2010 1403 2088 labens,
1436 2031 1437 2116 q

382 2131 493 2219 Quam
511 2133 614 2225 gemit
630 2146 795 2220 assuetas,
816 2133 988 2226 invitaque
1004 2134 1146 2226 proterit
1164 2156 1258 2201 uras.

432 2254 601 2321 Sumscrat
622 2255 657 2321 in
673 2254 810 2323 Danaos
828 2250 1022 2321 Heliconius
1041 2275 1136 2346 arma
1152 2250 1327 2331 Cornelius,

382 2374 469 2441 Ante
486 2396 596 2441 nomes
612 2373 739 2461 Musis,
756 2373 863 2467 Stygii
883 2373 939 2441 cui
957 2373 1092 2441 conscia
1107 2374 1204 2465 pensi

380 2495 459 2587 Ipsa
473 2491 532 2562 diu
549 2494 704 2588 inspectis
720 2492 823 2564 letum
839 2489 1036 2587 praediierat
1053 2494 1151 2564 astris

381 2615 509 2682 Uranie
524 2639 532 2681 :
548 2616 642 2708 cupit
655 2613 712 2684 ille
726 2629 856 2698 mmen,
870 2639 1068 2710 pugnasque
1081 2615 1238 2709 virosque

382 2735 534 2803 Forsitan
548 2748 586 2804 nt
600 2749 734 2806 caneret
748 2760 757 2803 ε
774 2733 874 2831 longa
885 2736 974 2829 jacet
989 2737 1060 2829 ipse
1072 2735 1242 2806 canendus

382 2852 515 2944 laude,
531 2855 587 2926 sed
604 2856 762 2926 amissum
775 2856 1012 2933 mutaellevere
1028 2880 1168 2926 sorores.

431 2977 551 3045 Pactus
563 2977 771 3070 Agenoream
782 2977 901 3071 primis
911 2980 993 3072 Atys
1005 2977 1077 3048 ibat
1088 2978 1132 3046 ab
1145 2979 1242 3048 annis

381 3099 534 3166 Ismenen
548 3095 663 3193 (Tyrii
674 3097 808 3190 juvenis
820 3121 890 3166 non
904 3096 1036 3166 advena
1048 3095 1149 3185 belli,

381 3217 544 3306 Quamvis
559 3216 690 3310 Cyrrha
705 3216 826 3285 (lomus
841 3243 850 3286 :
866 3240 997 3287 soceros
1013 3241 1077 3288 nec
1093 3219 1243 3288 tristibus
1258 3221 1333 3288 actis

382 3335 581 3408 adversatus
595 3334 690 3430 erat)
703 3361 878 3431 sponsam,
891 3339 946 3408 cui
960 3353 1071 3408 castus
1082 3342 1208 3408 amanti

382 3455 538 3550 Squalor,
553 3471 586 3525 et
600 3455 729 3552 indigni
742 3457 955 3527 commendat
968 3459 1074 3553 gratia
1088 3456 1208 3530 luctus.

381 3580 456 3669 Ipse
468 3599 601 3670 quoque
614 3577 768 3671 egregius
782 3603 791 3646 ε
807 3601 869 3646 nce
880 3593 1020 3672 pectora
1033 3581 1172 3674 virginis
1185 3579 1232 3651 illi

381 3697 536 3786 Diversa,
550 3698 650 3791 inque
664 3697 785 3785 vicem,
800 3699 924 3768 sineret
936 3701 1101 3787 Fortuna,
1116 3699 1298 3792 placebant.

382 3815 474 3886 Bella
487 3831 601 3886 vetant
615 3817 729 3904 toedas,
740 3819 923 3911 juvenique
935 3819 1013 3890 hinc
1024 3821 1133 3913 major
1146 3823 1182 3890 in
1195 3822 1300 3892 hostes

382 3941 437 4008 Ira
452 3963 460 4005 :
475 3938 543 4006 ruit
555 3939 672 4032 primis
687 3938 872 4023 immixtus,
884 3952 919 4008 et
930 3941 1065 4034 agmina
1079 3943 1198 4011 Lernae

247 4089 252 4111 t
383 4059 481 4128 Nunc
494 4057 594 4152 pedes
608 4081 686 4128 ense
701 4083 801 4154 vago,
816 4061 945 4152 prensis
960 4084 1050 4130 nunc
1063 4060 1170 4132 celsus
1184 4063 1329 4146 habenis,
