2934 4950
364 433 420 487 loo
739 429 1038 487 ADNOTATlONES

363 567 413 604 rea
425 547 568 622 producta
584 546 684 603 ultima
692 546 847 623 legendnm
859 565 915 621 pro
932 547 1040 619 Thya-e,
1055 557 1088 602 ut
1100 557 1183 604 reete
1190 547 1325 604 observat
1337 553 1393 604 lie-
1437 574 1438 617 3

361 642 456 698 herus.
471 640 517 698 Sic
531 642 644 708 Malea,
665 647 738 710 ιιι,
755 641 869 717 Tegea,
886 641 958 712 2873
974 641 1094 708 Midea,
1110 643 1163 712 45,
1177 643 1211 698 at
1437 628 1438 657 ἶ

400 751 511 804 Elissos
527 745 565 826 (v.
585 747 621 806 52
638 745 723 824 sqq.).
738 746 878 822 Sicyonia
890 747 936 802 hic
950 744 1057 802 fluvius
1076 743 1393 825 est(vtd.1’suss1.,u,
1437 738 1438 787 l

364 863 415 915 ra,
432 847 447 912 §
464 839 507 921 a),
525 859 585 896 non
606 839 828 896 confundendus
846 859 911 894 cum
932 838 1043 896 Helisso
1059 839 1189 896 Arcadiae
1206 851 1235 896 et
1249 841 1339 896 Ilisso.
1354 844 1392 896 ln·

358 945 518 1010 terpretum
541 933 571 988 in
591 932 644 988 hac
664 950 696 988 re
718 950 830 987 errores
849 932 946 988 multis
964 931 1101 988 refutavit
1121 934 1346 990 Hemsterhusins
1364 935 1393 988 el

359 1027 506 1104 An'stopla.
522 1028 600 1083 Plut.
615 1025 725 1092 Sciat,
743 1025 817 1095 586,
837 1045 865 1099 p.
885 1025 940 1080 182
954 1044 998 1100 sq.
1021 1027 1089 1082 Non
1102 1027 1202 1102 longe,
1216 1027 1269 1082 sed
1286 1028 1393 1101 propius

359 1124 397 1180 ad
419 1125 550 1195 Asopum
571 1118 695 1190 flumen,
719 1119 868 1175 conditum
888 1130 950 1174 erat
972 1119 1163 1175 Eumenidum
1181 1123 1320 1194 ternplum
1340 1140 1392 1175 eun

359 1225 430 1278 ἄλιιι
445 1225 468 1276 tv
491 1221 612 1292 ὑπαίθρῳ,
631 1214 767 1283 ΡΑΒΜ.,
783 1231 825 1282 11,
843 1228 893 1283 11,
907 1216 922 1282 S
937 1219 964 1279 4.
980 1215 1047 1283 Quo
1061 1231 1125 1287 sqq.
1145 1214 1317 1270 reseruntur.
1334 1216 1391 1283 Qum

358 1309 479 1364 sortasse
493 1325 528 1362 ex
541 1304 712 1360 Antimacho
721 1304 836 1375 hausta5
849 1324 876 1358 v.
885 1304 1000 1381 fragm
1019 1325 1064 1377 17,
1082 1305 1182 1380 ibique
1196 1306 1391 1381 Schellenberg.

360 1431 400 1444 -
407 1402 502 1457 Versu
519 1397 556 1457 55
570 1398 658 1454 verba
671 1410 728 1452 tuto
743 1397 950 1472 Phlegethonte
961 1398 1034 1454 mire
1046 1399 1113 1454 satis
1127 1398 1272 1473 explicant
1283 1397 1391 1454 editores

356 1493 484 1568 parisini.
506 1493 569 1549 Nic.
592 1491 724 1548 Heinsius
740 1492 778 1547 ad
793 1490 955 1563 Claudiam,
976 1495 1065 1566 llapt.
1082 1494 1182 1560 Pron,
1206 1512 1266 1564 ιιι,
1286 1491 1354 1560 386,
1370 1501 1391 1545 et

358 1588 408 1644 Sil.
427 1588 506 1658 tut,
521 1604 600 1657 1111,
611 1582 666 1654 571,
683 1603 699 1640 e
712 1584 778 1641 cod.
794 1584 931 1660 antiquo,
945 1585 1014 1660 legit
1019 1598 1093 1661 poto
1108 1585 1210 1662 Phleg.
1227 1606 1238 1640 .·
1255 1596 1284 1641 et
1295 1585 1387 1641 sicrtt

358 1679 417 1737 Sed
429 1681 484 1735 ΜΒ
507 1699 514 1733 :
533 1689 590 1735 toto
605 1677 672 1734 ΡΜ.
688 1695 756 1733 cunr
776 1677 855 1734 varia
871 1677 994 1734 lectione
1011 1703 1025 1728 ι
1036 1680 1199 1736 anhelantes
1220 1693 1306 1735 rotam
1320 1679 1389 1734 Pla
1437 1720 1438 1749 ,

356 1773 531 1850 gementu„
546 1771 627 1848 quod
643 1789 703 1845 prae
716 1771 817 1827 ceteris
834 1771 968 1828 omnihus
981 1790 1011 1828 se
1024 1773 1169 1847 probabit

398 1883 541 1937 indurata
552 1881 609 1948 ¹diu
627 1875 665 1955 (ι.
686 1876 745 1955 65).
759 1879 890 1934 Verbum
908 1897 970 1934 non
983 1879 1077 1951 addit,
1090 1881 1222 1937 membro
1238 1879 1386 1954 interposito
1437 1878 1438 1951 i

356 1975 539 2049 praeclusum
561 1971 613 2028 sed
634 1970 703 2027 inde
724 1971 841 2044 subjicit
864 1973 986 2040 uenere,
1009 1973 1182 2030 conveniens
1203 1973 1309 2031 itandis
1326 1973 1385 2028 llale
1437 1970 1438 2041 l

357 2072 499 2137 Petrens,
513 2075 541 2121 et
554 2063 661 2120 Handii
674 2062 756 2136 eod,
771 2064 809 2120 ad
823 2066 888 2120 Silo.
895 2105 905 2133 ,
920 2083 949 2139 p.
968 2065 1037 2137 161,
1052 2065 1232 2140 Indsesunt.
1437 2044 1438 2131 l

397 2159 523 2215 Hibema
536 2157 680 2212 subnecte
693 2152 732 2234 (v.
749 2154 809 2234 85).
825 2159 881 2213 ΜΒ
894 2157 1010 2214 exhibet
1024 2159 1168 2217 «hiberna
1179 2163 1219 2218 de
1232 2173 1337 2220 nocte.-

399 2264 454 2320 Cui
470 2265 591 2320 lubricus
605 2265 665 2320 alea
681 2263 719 2341 (ι.
735 2265 775 2340 95
790 2263 877 2344 tqq.).
892 2265 987 2322 Debet
995 2267 1069 2323 hanc
1078 2269 1319 2343 comparationem
1330 2266 1382 2322 Vu-

356 2355 565 2435 gilio'auctori,
579 2361 661 2426 (ΕΜ,
677 2377 719 2440 ιι,
734 2358 793 2435 469
811 2377 891 2435 sqq.‚
906 2379 993 2436 quem
1009 2363 1147 2419 conferas.
1162 2367 1236 2420 Alta
1250 2363 1342 2420 Ιιιιιιιιιι
1352 2370 1381 2416 est

356 2452 445 2523 fossa,
457 2449 596 2527 serpentis
610 2451 703 2508 nidus.
1437 2489 1438 2514 t

398 2546 471 2619 Quce
487 2547 556 2601 Jove
566 2556 702 2620 provocat
712 2547 785 2601 Iden
801 2546 907 2603 Olenos
916 2546 956 2627 (v.
975 2556 1029 2616 104
1044 2546 1109 2628 sq.).
1124 2575 1137 2600 ι
1147 2551 1279 2607 Arcadia
1290 2549 1381 2615 civitas,
1437 2535 1438 2554 ¹

355 2640 386 2694 in
403 2658 462 2714 qua
475 2640 576 2695 lovem
597 2639 748 2696 Amalthea
770 2658 857 2714 capra
877 2641 983 2698 dieitur
1001 2644 1149 2717 nutrisse,
1163 2662 1229 2719 quae
1246 2644 1276 2700 in
1294 2644 1380 2700 ιιιίιιιιι

356 2740 435 2795 lovis
448 2737 625 2818 1den[etiam
639 2740 705 2797 eod.
716 2742 803 2797 Paris.
819 2761 826 2796 ε
841 2722 898 2797 lde
908 2725 943 2810 ἧ,
955 2744 1033 2800 unde
1050 2746 1128 2821 vulg.
1142 2764 1198 2801 nou
1211 2742 1314 2822 ortum]
1324 2762 1379 2819 pro-

354 2844 439 2889 vocat
458 2844 585 2890 montem
609 2836 713 2906 Cretae,
733 2833 765 2890 in
785 2854 845 2909 quo
863 2836 977 2911 Jupiter
999 2838 1117 2912 colitur;
1137 2841 1285 2897 contendit
1305 2850 1380 2895 auten

355 2936 387 2980 ut
414 2928 516 2983 lovem
543 2944 628 2983 suum
654 2928 801 2984 alumnum
822 2928 955 2987 vindicet
971 2955 983 2982 ι
1000 2934 1087 2991 Lscr.
1106 2965 1146 2977 -
1164 2936 1305 3011 Cumque
1324 2932 1379 2988 urhe

354 3018 506 3076 AEtolieam
516 3020 631 3077 Olenon
643 3019 750 3077 Statius
763 3040 862 3078 errore
876 3029 1057 3098 permutavit

400 3127 531 3202 Notusque
549 3126 682 3183 decorum
705 3128 870 3184 Vulneribus
885 3129 922 3207 (ι.
943 3131 1136 3210 nstitutus
1150 3154 1167 3191 a
1182 3136 1268 3193 codd
1282 3134 1377 3191 Barth:

354 3222 502 3296 noctsque.

396 3330 467 3384 Sata
488 3340 581 3397 terunt
604 3326 643 3407 (v.
662 3327 740 3411 131).
761 3330 834 3391 cod.
851 3335 967 3392 Tauria.
990 3350 1099 3415 tegunt,
1117 3359 1142 3395 c.
1160 3339 1227 3396 edd.
1249 3333 1377 3413 quibusda

353 3421 435 3497 quod
456 3440 517 3478 uon
543 3434 634 3479 mutat
653 3426 744 3481 Bentl.
759 3444 805 3501 ap.
819 3427 908 3485 Kidd.
925 3429 963 3487 ad
984 3433 1112 3503 Dawes,
1125 3434 1223 3502 Mire,
1242 3452 1271 3507 p.
1284 3448 1325 3485 ns
1341 3426 1376 3480 ll·

351 3526 499 3595 premunt,
515 3528 619 3576 teneat.
634 3518 693 3576 Sed
705 3532 798 3577 temne
806 3523 899 3580 Statio
912 3524 1118 3599 dignissimum.

398 3624 504 3700 Vulgus
521 3629 700 3684 innumerum
716 3630 790 3685 bello
804 3628 843 3699 (v.
861 3630 997 3712 thorp).
1014 3636 1111 3707 «Quia
1128 3646 1186 3694 tam
1200 3638 1286 3694 iortes
1296 3642 1375 3696 mul,

354 3730 386 3775 ut
401 3719 557 3777 multorum
570 3722 644 3779 lacta
655 3723 743 3781 fortia
754 3742 806 3783 sua
822 3726 927 3786 virtute
940 3742 1127 3804 pensarent»
1145 3734 1233 3790 her.

398 3830 519 3907 Triplici
546 3850 663 3889 mmosa
684 3853 790 3891 corona
812 3837 850 3914 (v.
875 3834 952 3917 168).
976 3840 1112 3898 «Corona
1140 3859 1196 3916 pro
1218 3840 1303 3897 erista·
1320 3836 1372 3890 ΝΜ

352 3935 428 3981 recte
446 3927 538 4001 glossa
551 3926 609 3983 eod
632 3929 727 3985 Barth.
743 3931 952 3989 volutationem
965 3933 1202 4009 interpretatur.»
1217 3938 1296 3993 wn.
1307 3934 1371 3992 Post.

352 4039 378 4075 ι.
400 4038 468 4091 170,
483 4022 537 4076 ΜΒ
559 4040 565 4075 :
579 4039 655 4095 pars
673 4036 749 4091 arte,
778 4024 834 4081 sive
852 4025 951 4099 potius
968 4046 1041 4102 apr.
1056 4048 1095 4084 m.
1115 4042 1213 4089 «tone
1224 4041 1370 4105 κριῶν·

353 4113 433 4189 quod
447 4114 589 4188 posterius
602 4116 758 4192 genuinum
771 4118 892 4177 videtur.
