2934 4950
300 419 881 476 ItthPs'rATssstvalBMm
957 459 963 474 =
1060 444 1114 497 ²71

20 536 21 643 i
112 536 196 592 tradas
210 539 341 610 Alcyone
357 555 442 592 veros
458 533 496 616 (v.
514 534 576 616 58).
591 538 688 594 Pullos
701 555 785 594 veros
799 556 859 593 non
877 537 916 595 sic
930 537 1025 612 fovet,
1039 553 1072 598 ut
1084 555 1115 600 tu

20 656 21 659 ¹
77 627 152 685 filiam
169 629 349 705 privignam,
366 627 458 704 priori
471 630 575 687 marito
588 649 625 687 ex
637 628 730 704 priori
751 630 874 707 conjuge
890 631 1022 707 genitam.
1042 636 1116 694 Vide

78 723 182 778 idam

110 816 147 871 Bt
163 833 239 869 num
256 815 309 869 illa
323 811 362 894 (r.
377 812 437 892 60).
457 813 506 872 Sic
518 815 644 872 Markl.
635 835 667 872 m
681 816 745 888 ed.;
763 814 862 872 sedin
875 815 1023 874 Addendis
1039 818 1116 879 idem

77 915 172 964 servata
192 906 329 963 codicum
347 907 469 964 lectione
482 909 575 964 multo
590 907 685 965 verius
698 927 706 963 ε
721 933 733 959 ι
748 909 786 965 Et
805 927 883 966 nunc
899 909 961 982 illa,
975 924 1052 968 tenet
1067 915 1115 970 vi-

77 1001 127 1056 duo
139 1001 221 1076 quod
233 1021 257 1058 s.
271 1002 355 1073 cub„
369 999 451 1072 Otia,
467 1011 521 1057 etc.
538 1026 551 1051 »

111 1095 231 1167 Auspice
257 1095 374 1148 condito
392 1093 501 1150 Pltoebo
524 1094 611 1149 Tecto
631 1090 669 1173 (v.
692 1101 730 1165 74
753 1091 816 1174 sq.).
841 1096 954 1168 Cumte3
981 1096 1115 1156 dicuntur

77 1186 147 1241 tom
160 1187 264 1241 mundi
283 1187 423 1261 Hospita,
447 1205 512 1260 qaae
531 1186 690 1256 mundum,
708 1197 810 1244 nautas
824 1205 860 1244 ex
881 1189 1014 1247 omnibus
1035 1201 1115 1249 terrae

76 1280 207 1352 panibus,
221 1279 373 1354 recipiunt.
388 1280 528 1354 Hospita,
544 1289 577 1335 ut
588 1279 707 1356 hospes,
717 1281 929 1358 cumgenitiro,
943 1284 991 1340 cui
1003 1285 1116 1343 dativus

76 1372 198 1428 substitui
210 1390 273 1428 non
292 1371 418 1428 debebat
432 1371 469 1428 ab
483 1372 651 1429 editoribus.

109 1466 290 1538 Parthenope
303 1461 342 1542 (v.
358 1483 396 1541 79
410 1461 476 1543 sq.).
492 1464 567 1521 Vide
584 1465 708 1540 interpp.
724 1465 762 1522 ad
775 1465 822 1525 Sil.
839 1467 918 1538 itai,
932 1486 994 1540 111,
1010 1470 1046 1528 33
1057 1491 1114 1548 sq„

75 1559 219 1629 prasertim
233 1560 306 1614 Vell.
320 1559 399 1630 rat,
417 1579 446 1631 1,
461 1565 478 1625 4
494 1578 502 1612 :
517 1557 769 1622 uffialcidenses...
784 1559 887 1617 Cumas
905 1560 936 1617 in
951 1563 1031 1620 Italia
1041 1584 1114 1620 con-

76 1649 220 1706 diderunt:
238 1650 326 1722 Imjus
346 1650 439 1706 classis
457 1669 573 1707 cursum
586 1669 646 1707 esse
660 1651 803 1708 directum
816 1653 865 1710 alii
882 1655 1021 1711 columbae
1030 1668 1113 1714 ante-

76 1741 187 1800 cedentis
204 1744 306 1799 volatu
319 1742 428 1814 ferunt,
446 1742 495 1798 alii
508 1753 653 1800 nocturno
668 1743 730 1801 aeris
744 1765 846 1802 sono...
860 1749 929 1824 i'ars
946 1749 1050 1805 horum
1073 1751 1115 1807 ci-

74 1834 141 1889 vimn
155 1853 264 1912 magno
283 1833 350 1907 p'ost
363 1834 513 1890 intervallo
530 1835 684 1909 Neapolim
704 1837 874 1894 condidit.»

108 1927 271 2000 Nullasoro
284 1927 392 1995 rabies,
413 1938 467 1981 aot
482 1929 588 1982 stn'etoe
594 1927 696 2002 jurgio
714 1933 794 2006 leges
812 1931 924 1986 Norunt
937 1929 975 2010 (v.
997 1935 1032 2006 87
1049 1935 1112 2019 sap).

74 2023 221 2096 Receptum
238 2022 296 2078 hoo
309 2023 354 2077 vel
369 2020 405 2076 ab
418 2019 618 2077 recentissimis
631 2041 666 2077 ex
679 2022 843 2080 Marklandi
861 2026 1026 2098 conjectura
1040 2048 1048 2085 ε
1064 2030 1115 2087 sed

75 2114 124 2169 hiat
127 2116 271 2187 junctura.
279 2116 357 2170 Vett.
368 2113 434 2170 edd
444 2124 474 2170 et
480 2113 544 2171 cod.
555 2113 641 2170 Paris.
647 2157 656 2186 ‚
667 2126 793 2189 exparte
804 2115 888 2172 etiam
898 2119 985 2175 ceteri
995 2139 1002 2175 :
1013 2124 1113 2180 «nulla

75 2208 91 2262 i.
102 2206 188 2264 rabies
195 2216 246 2263 aut
258 2207 332 2262 scito
337 2208 500 2282 Lycurgia:
513 2207 590 2284 leges
604 2227 711 2264 morum
726 2203 816 2286 (sunt)
828 2206 896 2281 jura
908 2211 991 2269 viris:
1004 2237 1016 2264 s
1032 2217 1114 2290 quod

75 2318 125 2356 non
136 2309 177 2357 est
193 2319 247 2356 cur
260 2298 430 2356 deseramus.
444 2301 536 2376 Leges
548 2301 678 2357 moribus
691 2301 805 2356 sancitae
819 2313 885 2358 sunt
900 2322 955 2377 pro
967 2305 1033 2377 jure
1042 2307 1114 2363 scri-

75 2403 133 2465 pto,
149 2403 177 2449 et
193 2395 255 2449 sola
273 2391 408 2468 equitas,
425 2392 486 2449 sine
502 2392 658 2467 inperioso
671 2392 846 2470 magistratu.
862 2395 935 2450 Nam
954 2396 994 2452 ita
1010 2397 1114 2456 distin-

76 2487 229 2562 guendum:
245 2511 297 2543 ι...
313 2485 397 2560 viris,
417 2489 511 2543 solum
526 2498 556 2543 et
577 2506 599 2544 s.
618 2487 719 2562 t.aeq.,
730 2511 743 2538 s
763 2505 819 2561 pro
842 2498 871 2543 et
885 2490 986 2546 sotum.
1009 2494 1113 2569 Margo

75 2580 130 2638 cod
142 2584 205 2637 Par.
221 2601 228 2636 ε
244 2589 319 2636 «aut
332 2580 443 2655 scriptae
457 2580 487 2635 in
507 2580 603 2655 jurgia
620 2580 705 2657 leges.
721 2603 734 2629 ι
756 2578 845 2651 Quod
862 2599 923 2637 non
941 2582 1024 2640 nimis
1042 2585 1113 2641 alie-

75 2690 135 2729 nam
148 2693 165 2730 a
182 2673 349 2747 conjectura
365 2671 552 2746 Wakefield,
568 2674 634 2731 Silv.
650 2675 708 2729 cn‘t.
717 2713 727 2740 ,
745 2674 803 2727 vol.
817 2693 845 2743 v,
865 2693 895 2747 p.
921 2692 976 2750 119
992 2694 999 2729 :
1014 2674 1113 2734 «nulla

76 2765 123 2823 fori
132 2788 155 2825 r.
164 2779 213 2825 aut
227 2765 333 2824 strictae
347 2766 445 2844 jurgia
460 2766 531 2843 legis
545 2768 660 2823 :Mores
672 2766 741 2841 jura
757 2764 824 2821 viris
843 2754 914 2838 soli,
935 2788 981 2822 e.»
996 2789 1113 2845 «quan-

76 2878 167 2934 quam,
180 2861 281 2932 addit,
294 2872 324 2916 et
335 2862 406 2916 scita
421 2862 565 2938 Lycurgia
582 2859 742 2918 scribarum
755 2858 894 2915 inscitiam
907 2880 968 2916 non
984 2861 1066 2937 sapit.
1081 2888 1093 2913 s

108 2956 250 3032 Iliacoque
266 2952 368 3029 jugum
390 2954 574 3011 maturatae
592 2973 670 3011 remo
700 2950 740 3033 (v.
764 2952 828 3031 98).
849 2978 864 3005 α
879 2954 1111 3011 Promontorium

77 3048 240 3123 tampmiae,
252 3047 285 3103 in
299 3065 360 3122 quo
377 3046 519 3119 Misenus,
539 3042 673 3124 magister
689 3047 770 3103 navis
787 3048 899 3117 Encas,
915 3049 1042 3120 sepultus
1056 3059 1112 3119 est,

77 3142 256 3217 sepulcroque
272 3140 336 3213 ejus
356 3157 453 3197 remus
468 3139 597 3215 tubaque
610 3140 785 3215 insculpta.»
805 3140 941 3211 Massa„
955 3140 1007 3213 qui
1018 3142 1113 3215 plura.

77 3262 111 3274 -
121 3234 265 3290 Telebown
277 3234 395 3300 domos,
413 3233 544 3307 Capreas.

113 3325 239 3387 AEtton'ce
260 3327 342 3389 locu!
360 3324 485 3384 medriam
508 3320 547 3404 (v.
574 3320 650 3402 rot).
673 3323 949 3395 Ptin.‚11ist.nas.,
969 3343 1044 3397 xxx,
1068 3343 1111 3380 a:

78 3421 133 3475 «la
148 3418 264 3480 &mia
275 3417 368 3477 insuta
382 3417 531 3481 tdaulosis
542 3414 651 3476 mederi
663 3416 831 3491 produntur
844 3434 933 3492 aquae.

111 3513 233 3570 &adeas
250 3510 668 3583 renatas.1>ttn..,flot.ms,
689 3528 734 3582 ιι,
749 3510 787 3569 88
802 3531 810 3567 t
825 3512 884 3567 «In
898 3510 997 3567 eadem
1011 3506 1113 3588 (Cam-

78 3602 167 3684 panis)
177 3616 205 3665 st
226 3604 370 3681 oppidum
381 3604 514 3663 haumar
530 3602 697 3678 profundo,
714 3601 830 3680 alioque
847 3614 928 3662 mota
947 3614 1028 3660 terra
1044 3602 1112 3659 Sta-

80 3696 143 3755 fimt
158 3699 310 3757 Mitte.
325 3723 338 3750 a
355 3700 401 3756 Ex
412 3698 538 3771 interpp.
