2934 4950
401 433 560 491 norrun
581 435 821 495 1111111111.

574 630 589 696 ς
611 627 648 684 v.

460 801 748 872 EDITIONES.

110 995 133 1049 1.
156 995 291 1049 01111111
314 995 426 1050 sessu.
449 995 588 1069 Princeps
609 995 669 1066 ed.,
691 995 864 1052 Thebaidem
886 1007 915 1053 et
940 999 1130 1058 Achilleidem

73 1089 287 1162 complectens,
300 1087 361 1144 sine
375 1090 393 1143 l.
410 1098 439 1144 et
460 1107 486 1144 a.
501 1087 588 1166 (eirca
602 1107 667 1144 ann.
685 1087 787 1167 1471),
801 1090 851 1146 fol.
869 1094 971 1147 Altera
980 1094 1128 1168 pnisceps,

72 1180 173 1237 itid-
191 1181 256 1238 sine
279 1183 299 1236 l.
318 1192 348 1237 et
361 1199 387 1237 a
402 1179 489 1259 (circa
507 1200 532 1238 a.
550 1190 623 1254 1477
633 1183 670 1260 i),
684 1201 719 1238 ex
733 1182 791 1238 alio
805 1183 870 1239 cod
890 1184 985 1241 minus
998 1199 1130 1244 accurate

74 1293 221 1349 expressa.
240 1275 347 1348 Neque
360 1274 420 1330 haec
432 1274 523 1330 Silvcu
537 1273 675 1330 continet.

77 1367 169 1434 1180?
185 1369 341 1428 Romana.
356 1367 424 1436 fol,
441 1386 506 1422 cum
521 1367 618 1423 scholl.
638 1369 726 1424 Lacr.
740 1369 864 1424 Pucrm
882 1367 913 1423 in
935 1368 1128 1439 Thebaidem,

185 1461 241 1516 Fu.
251 1462 445 1516 marusim
458 1460 534 1517 notis
546 1459 578 1516 in
587 1461 792 1527 Achilleriiem,
810 1462 943 1516 Dona-11
958 1463 1127 1519 Casurum

188 1551 223 1608 in
244 1553 343 1608 utres.
362 1552 417 1608 Hic
439 1552 558 1627 quidem
577 1554 667 1610 multa
686 1553 793 1627 partim
812 1564 918 1609 temere
937 1571 975 1609 ex
995 1555 1128 1629 ingenio,

185 1644 311 1719 partim,
321 1655 460 1714 utpostea
474 1645 622 1722 cognitum
629 1656 686 1718 est,
695 1664 732 1702 ex
745 1647 806 1702 tis.
820 1646 943 1704 mutarit
962 1647 1128 1704 :seddoctae

189 1749 221 1794 et
241 1739 395 1813 ingeniosae
422 1750 488 1796 sunt
512 1739 574 1812 ejus
603 1739 809 1814 explicationes
830 1737 968 1814 plurime.
986 1740 1026 1796 Hi
1046 1759 1128 1797 eorn-

186 1830 321 1888 mentarii
334 1843 403 1907 pon
416 1851 489 1907 supe
506 1833 623 1908 repetiti
639 1843 714 1889 sunt.

76 1925 160 1982 1502.
185 1927 300 1982 Aldr'rre
315 1929 430 2000 prima,
454 1928 486 1998 6,
504 1944 541 1984 ex
560 1927 681 1984 Avancii
694 1926 873 1997 recensione,
889 1925 971 1999 cujus
992 1927 1128 1984 ernenda-

187 2017 282 2076 tionss
293 2018 354 2092 jam
371 2020 445 2094 1498
461 2019 589 2076 Venetiis
602 2019 781 2094 prodierant

77 2111 161 2188 1519.
186 2113 299 2168 Aldina
311 2113 438 2169 secunda
445 2153 455 2180 ,
472 2111 503 2182 8,
516 2111 563 2169 cui
576 2114 623 2169 Fr.
633 2113 753 2170 Asnlani
766 2113 887 2188 epistola
898 2111 1051 2186 premisse
1066 2113 1126 2170 De-

188 2225 251 2263 nuo
269 2205 423 2278 recensita,
441 2207 505 2278 sed,
517 2205 616 2279 judice
629 2205 762 2278 Handio,
776 2206 963 2264 festinantius.

77 2298 161 2376 1595.
184 2301 407 2370 saltemareis,
427 2300 630 2366 Planu'niana,
647 2301 733 2356 Antv.
758 2301 793 2370 8,
815 2319 852 2355 ex
874 2318 935 2356 uno
957 2299 1123 2375 pluribusve

186 2392 276 2450 codd.
291 2411 352 2448 non
364 2395 438 2449 male
451 2392 599 2450 recensita.
614 2393 723 2466 Saepius
736 2393 867 2467 repetita.

79 2488 161 2544 1600.
183 2488 326 2543 Fn'deniti
346 2488 517 2563 Tiliobrogoe
530 2485 781 2567 (Lindenbrogii),
796 2488 901 2558 Paris,
922 2496 958 2559 4,
971 2490 1123 2545 cumLaet

186 2579 298 2637 Placidi
312 2579 531 2637 commentariis.
546 2581 651 2638 Omnia
666 2581 777 2637 ecodd.
791 2579 948 2649 recensita,
960 2580 1012 2636 sed
1028 2580 1084 2651 ita,
1093 2592 1125 2636 ut

186 2692 271 2749 aquo
289 2674 373 2747 plura
387 2691 424 2729 ex
437 2672 502 2729 edd.
516 2674 751 2731 antecedentibus
767 2672 923 2747 reliquerit
937 2673 1124 2746 -Ejusdem

184 2768 254 2825 anni
273 2766 516 2835 Commelsirsisna,
532 2786 598 2823 curn
616 2768 692 2823 notis
708 2767 782 2822 Iani
802 2768 918 2823 Gruterr‘.

79 2860 161 2936 1609.
182 2864 229 2919 Io.
242 2863 305 2917 Iac.
323 2862 459 2917 Grnsseri.
474 2861 615 2917 Recensio
628 2861 688 2917 sine
706 2860 791 2916 notis.

80 2953 164 3009 1616.
183 2955 229 3011 Jo.
247 2956 337 3028 casp.
354 2955 496 3022 Gesartii,
511 2952 604 3028 Lngd.
614 2956 692 3023 Bet,
707 2954 734 3011 8.
749 2953 890 3009 Recensio
900 2963 929 3008 et
943 2953 1123 3027 Papinianu-

187 3049 407 3104 mmleetionum
421 3048 487 3103 iibri
493 3048 624 3123 quinque.
634 3044 764 3102 Gerartii
772 3045 986 3117 ezemenie,
998 3046 1087 3120 1619,
1097 3053 1123 3112 4.

82 3141 164 3198 1616.
184 3142 312 3197 Emen'cs'
325 3140 436 3208 Crucei,
453 3141 554 3211 Paris,
569 3146 601 3209 4,
616 3158 633 3194 1
647 3140 715 3195 roll.
731 3158 797 3195 cum
810 3138 931 3194 aliorum
945 3125 1124 3195 commentass

185 3234 235 3290 riis
251 3234 423 3308 scholiisque
442 3232 510 3289 suis.
528 3230 641 3289 Nullius
655 3232 715 3287 iere
728 3230 823 3287 meriti
839 3229 942 3287 editor.

83 3324 165 3391 1614.
186 3326 474 3392 Amstelodnmensis,
501 3343 553 3395 12,
572 3342 608 3379 ex
622 3342 679 3379 rec.
693 3325 770 3381 Dan.
790 3324 916 3390 Hezirss'i,
931 3334 965 3378 ut
979 3334 1091 3396 putant.

82 3416 163 3475 1653.
183 3420 227 3481 Ex
241 3437 297 3476 rec.
313 3428 341 3475 et
353 3436 418 3474 cum
431 3418 508 3474 notis
524 3419 687 3474 Funsnct
707 3419 871 3474 Gronorrr.
885 3417 1019 3485 Arnstel„
1034 3425 1081 3484 14.
1096 3418 1124 3473 ls

185 3512 223 3569 ad
243 3513 318 3568 hene
337 3512 534 3569 recensionem
548 3510 697 3567 codicibus
710 3510 820 3584 pariter
833 3520 920 3584 atque
938 3509 1055 3586 ingenio
1075 3511 1123 3565 in-

184 3616 320 3677 structus,
337 3624 399 3661 non
418 3624 532 3660 omnem
550 3604 633 3660 statii
656 3614 764 3659 textum
781 3603 893 3675 judicio
912 3623 965 3659 suo
984 3602 1123 3676 subjecit,

184 3701 235 3758 sed
255 3701 289 3756 iis
307 3711 421 3756 tantum
435 3698 506 3755 locis
527 3694 636 3754 mederi
652 3708 694 3753 est
711 3697 859 3771 dignatus,
872 3696 925 3772 qni
942 3695 1122 3751 Gronovium

185 3796 355 3851 sdvatorem
368 3792 523 3866 ‘requirere
542 3790 715 3847 viderentur.
733 3794 830 3861 Quare
846 3792 905 3845 haec
927 3788 1069 3859 recensio,
1087 3788 1125 3845 ad

185 3888 360 3945 hodiernum
372 3885 451 3943 diem
465 3884 498 3940 in
511 3884 577 3941 edd.
588 3884 648 3940 lere
661 3894 789 3955 servam,
802 3882 1006 3959 perfimctoriae
1019 3883 1125 3938 solum-

183 3982 270 4039 modo
284 4000 396 4038 nomen
408 3989 543 4036 meretur.

80 4072 158 4131 1658.
181 4076 251 4131 Cum
264 4074 344 4132 notis
352 4074 463 4130 Furto.
471 4075 660 4137 (iurando.
668 4075 845 4153 Purpureus
852 4082 880 4127 et
888 4071 968 4129 alior.
980 4070 1121 4125 aMarul-
