<?xml version="1.0" encoding="UTF-8"?>
<!DOCTYPE html PUBLIC "-//W3C//DTD XHTML 1.0 Transitional//EN"
    "http://www.w3.org/TR/xhtml1/DTD/xhtml1-transitional.dtd">
<html xmlns="http://www.w3.org/1999/xhtml" xml:lang="en" lang="en">
 <head>
  <title>
</title>
<meta http-equiv="Content-Type" content="text/html;charset=utf-8" />
  <meta name='ocr-system' content='tesseract 3.04.00' />
  <meta name='ocr-capabilities' content='ocr_page ocr_carea ocr_par ocr_line ocrx_word'/>
</head>
<body>
  <div class='ocr_page' id='page_1' title='image "./operaquaeextant01dbgoog_0497.png"; bbox 0 0 2934 4950; ppageno 0'>
   <div class='ocr_carea' id='block_1_1' title="bbox 337 389 1366 462">
    <p class='ocr_par' dir='ltr' id='par_1_1' title="bbox 337 389 1366 462">
     <span class='ocr_line' id='line_1_1' title="bbox 337 389 1366 462; baseline -0.012 -1"><span class='ocrx_word' id='word_1_1' title='bbox 337 403 392 462; x_wconf 76' lang='lat'><strong>168</strong></span> <span class='ocrx_word' id='word_1_2' title='bbox 639 395 850 454; x_wconf 76' lang='lat' dir='ltr'><strong>Tnnrsmos</strong></span> <span class='ocrx_word' id='word_1_3' title='bbox 869 397 984 454; x_wconf 75' lang='lat' dir='ltr'><strong>utana</strong></span> <span class='ocrx_word' id='word_1_4' title='bbox 997 393 1048 452; x_wconf 78' lang='lat' dir='ltr'><strong>IX.</strong></span> <span class='ocrx_word' id='word_1_5' title='bbox 1263 389 1366 451; x_wconf 52' lang='grc' dir='ltr'><strong>(Μή)</strong></span> 
     </span>
    </p>
   </div>
   <div class='ocr_carea' id='block_1_2' title="bbox 280 522 1348 4121">
    <p class='ocr_par' dir='ltr' id='par_1_2' title="bbox 333 522 1137 621">
     <span class='ocr_line' id='line_1_2' title="bbox 333 522 1137 621; baseline -0.017 -20"><span class='ocrx_word' id='word_1_6' title='bbox 333 533 433 602; x_wconf 90' lang='lat' dir='ltr'><strong>Nunc</strong></span> <span class='ocrx_word' id='word_1_7' title='bbox 449 525 535 621; x_wconf 84' lang='lat' dir='ltr'><strong>sugit</strong></span> <span class='ocrx_word' id='word_1_8' title='bbox 552 525 784 614; x_wconf 77' lang='lat' dir='ltr'><strong>instantes,¹et</strong></span> <span class='ocrx_word' id='word_1_9' title='bbox 803 522 875 593; x_wconf 88' lang='lat' dir='ltr'><strong>solo</strong></span> <span class='ocrx_word' id='word_1_10' title='bbox 892 522 1027 618; x_wconf 86' lang='lat' dir='ltr'><strong>respicit</strong></span> <span class='ocrx_word' id='word_1_11' title='bbox 1046 542 1137 590; x_wconf 85' lang='lat' dir='ltr'><strong>arou.</strong></span> 
     </span>
    </p>

    <p class='ocr_par' dir='ltr' id='par_1_3' title="bbox 335 643 1298 1223">
     <span class='ocr_line' id='line_1_3' title="bbox 382 643 1209 745; baseline -0.015 -25"><span class='ocrx_word' id='word_1_12' title='bbox 382 654 426 720; x_wconf 88' lang='lat' dir='ltr'><strong>Et</strong></span> <span class='ocrx_word' id='word_1_13' title='bbox 439 651 508 745; x_wconf 88' lang='lat' dir='ltr'><strong>jam</strong></span> <span class='ocrx_word' id='word_1_14' title='bbox 527 648 699 734; x_wconf 86' lang='lat' dir='ltr'><strong>mirantes,</strong></span> <span class='ocrx_word' id='word_1_15' title='bbox 717 643 1149 742; x_wconf 82' lang='lat' dir='ltr'><strong>indignantesque-coibant</strong></span> <span class='ocrx_word' id='word_1_16' title='bbox 1206 681 1209 685; x_wconf 92' lang='lat'><em>·</em></span> 
     </span>
     <span class='ocr_line' id='line_1_4' title="bbox 335 760 1234 863; baseline -0.012 -22"><span class='ocrx_word' id='word_1_17' title='bbox 335 767 551 854; x_wconf 83' lang='lat' dir='ltr'><strong>Labdacidae,</strong></span> <span class='ocrx_word' id='word_1_18' title='bbox 569 768 762 863; x_wconf 89' lang='lat' dir='ltr'><strong>primusque</strong></span> <span class='ocrx_word' id='word_1_19' title='bbox 782 767 874 836; x_wconf 86' lang='lat' dir='ltr'><strong>Jovis</strong></span> <span class='ocrx_word' id='word_1_20' title='bbox 895 764 936 834; x_wconf 92' lang='lat' dir='ltr'><strong>de</strong></span> <span class='ocrx_word' id='word_1_21' title='bbox 961 765 1122 860; x_wconf 84' lang='lat' dir='ltr'><strong>sanguine</strong></span> <span class='ocrx_word' id='word_1_22' title='bbox 1140 760 1234 831; x_wconf 86' lang='lat' dir='ltr'><strong>claro</strong></span> 
     </span>
     <span class='ocr_line' id='line_1_5' title="bbox 336 883 1194 986; baseline -0.012 -24"><span class='ocrx_word' id='word_1_23' title='bbox 336 891 523 986; x_wconf 82' lang='lat' dir='ltr'>Amphion,</span> <span class='ocrx_word' id='word_1_24' title='bbox 541 890 678 984; x_wconf 85' lang='lat' dir='ltr'><strong>ignarus</strong></span> <span class='ocrx_word' id='word_1_25' title='bbox 697 886 822 974; x_wconf 90' lang='lat' dir='ltr'><strong>adhuc,</strong></span> <span class='ocrx_word' id='word_1_26' title='bbox 841 910 920 982; x_wconf 65' lang='lat' dir='ltr'><strong>quae‘</strong></span> <span class='ocrx_word' id='word_1_27' title='bbox 929 883 1049 956; x_wconf 79' lang='lat' dir='ltr'><strong>funera</strong></span> <span class='ocrx_word' id='word_1_28' title='bbox 1068 884 1194 978; x_wconf 90' lang='lat' dir='ltr'><strong>eampis</strong></span> 
     </span>
     <span class='ocr_line' id='line_1_6' title="bbox 336 1004 1298 1101; baseline -0.011 -19"><span class='ocrx_word' id='word_1_29' title='bbox 336 1011 397 1082; x_wconf 91' lang='lat' dir='ltr'><strong>Ille</strong></span> <span class='ocrx_word' id='word_1_30' title='bbox 414 1010 532 1080; x_wconf 89' lang='lat' dir='ltr'><strong>daret:</strong></span> <span class='ocrx_word' id='word_1_31' title='bbox 556 1010 742 1098; x_wconf 76' lang='lat' dir='ltr'><strong>«Quonam</strong></span> <span class='ocrx_word' id='word_1_32' title='bbox 760 1032 867 1101; x_wconf 90' lang='lat' dir='ltr'><strong>usque</strong></span> <span class='ocrx_word' id='word_1_33' title='bbox 884 1032 1014 1076; x_wconf 87' lang='lat' dir='ltr'><strong>moram</strong></span> <span class='ocrx_word' id='word_1_34' title='bbox 1034 1005 1208 1074; x_wconf 89' lang='lat' dir='ltr'><strong>lucrabere</strong></span> <span class='ocrx_word' id='word_1_35' title='bbox 1224 1004 1298 1086; x_wconf 80' lang='lat' dir='ltr'><strong>fati,</strong></span> 
     </span>
     <span class='ocr_line' id='line_1_7' title="bbox 337 1125 1153 1223; baseline -0.01 -22"><span class='ocrx_word' id='word_1_36' title='bbox 337 1136 369 1202; x_wconf 93' lang='grc' dir='ltr'><strong>Ο</strong></span> <span class='ocrx_word' id='word_1_37' title='bbox 389 1128 533 1199; x_wconf 91' lang='lat' dir='ltr'><strong>multum</strong></span> <span class='ocrx_word' id='word_1_38' title='bbox 552 1130 688 1197; x_wconf 76' lang='lat' dir='ltr'><strong>meritos</strong></span> <span class='ocrx_word' id='word_1_39' title='bbox 707 1152 793 1222; x_wconf 93' lang='lat' dir='ltr'><strong>puer</strong></span> <span class='ocrx_word' id='word_1_40' title='bbox 809 1127 967 1199; x_wconf 87' lang='lat' dir='ltr'><strong>orbature</strong></span> <span class='ocrx_word' id='word_1_41' title='bbox 979 1125 1153 1223; x_wconf 81' lang='lat' dir='ltr'><strong>parentes?</strong></span> 
     </span>
    </p>

    <p class='ocr_par' dir='ltr' id='par_1_4' title="bbox 280 1243 1335 3643">
     <span class='ocr_line' id='line_1_8' title="bbox 338 1243 1222 1343; baseline -0.007 -23"><span class='ocrx_word' id='word_1_42' title='bbox 338 1253 431 1342; x_wconf 92' lang='lat' dir='ltr'><strong>Quin</strong></span> <span class='ocrx_word' id='word_1_43' title='bbox 453 1253 551 1320; x_wconf 89' lang='lat' dir='ltr'><strong>etiam</strong></span> <span class='ocrx_word' id='word_1_44' title='bbox 572 1251 676 1318; x_wconf 87' lang='lat' dir='ltr'><strong>menti</strong></span> <span class='ocrx_word' id='word_1_45' title='bbox 692 1265 805 1318; x_wconf 91' lang='lat' dir='ltr'><strong>tumor</strong></span> <span class='ocrx_word' id='word_1_46' title='bbox 822 1264 925 1343; x_wconf 88' lang='lat' dir='ltr'><strong>atque</strong></span> <span class='ocrx_word' id='word_1_47' title='bbox 940 1248 1080 1318; x_wconf 88' lang='lat' dir='ltr'><strong>audacia</strong></span> <span class='ocrx_word' id='word_1_48' title='bbox 1098 1243 1222 1342; x_wconf 84' lang='lat' dir='ltr'><strong>gliscit,</strong></span> 
     </span>
     <span class='ocr_line' id='line_1_9' title="bbox 337 1368 1269 1466; baseline -0.006 -25"><span class='ocrx_word' id='word_1_49' title='bbox 337 1374 547 1466; x_wconf 82' lang='lat' dir='ltr'><strong>Congressus</strong></span> <span class='ocrx_word' id='word_1_50' title='bbox 563 1369 643 1438; x_wconf 89' lang='lat' dir='ltr'><strong>dum</strong></span> <span class='ocrx_word' id='word_1_51' title='bbox 660 1395 758 1440; x_wconf 91' lang='lat' dir='ltr'><strong>nemo</strong></span> <span class='ocrx_word' id='word_1_52' title='bbox 778 1383 854 1441; x_wconf 86' lang='lat' dir='ltr'><strong>tuos</strong></span> <span class='ocrx_word' id='word_1_53' title='bbox 872 1393 1088 1465; x_wconf 84' lang='lat' dir='ltr'><strong>pugnamque</strong></span> <span class='ocrx_word' id='word_1_54' title='bbox 1106 1368 1269 1436; x_wconf 82' lang='lat' dir='ltr'>minorem</span> 
     </span>
     <span class='ocr_line' id='line_1_10' title="bbox 339 1488 1133 1587; baseline -0.006 -26"><span class='ocrx_word' id='word_1_55' title='bbox 339 1494 510 1587; x_wconf 80' lang='lat' dir='ltr'><strong>Dignatur</strong></span> <span class='ocrx_word' id='word_1_56' title='bbox 525 1489 637 1575; x_wconf 89' lang='lat' dir='ltr'><strong>bellis,</strong></span> <span class='ocrx_word' id='word_1_57' title='bbox 654 1492 805 1584; x_wconf 84' lang='lat' dir='ltr'><strong>iramque</strong></span> <span class='ocrx_word' id='word_1_58' title='bbox 821 1488 1021 1584; x_wconf 91' lang='lat' dir='ltr'><strong>relinqueris</strong></span> <span class='ocrx_word' id='word_1_59' title='bbox 1037 1489 1133 1557; x_wconf 89' lang='lat' dir='ltr'><strong>infra.</strong></span> 
     </span>
     <span class='ocr_line' id='line_1_11' title="bbox 339 1607 1226 1708; baseline -0.005 -26"><span class='ocrx_word' id='word_1_60' title='bbox 339 1615 373 1701; x_wconf 93' lang='lat' dir='ltr'><strong>I,</strong></span> <span class='ocrx_word' id='word_1_61' title='bbox 393 1627 505 1708; x_wconf 88' lang='lat' dir='ltr'><strong>repete</strong></span> <span class='ocrx_word' id='word_1_62' title='bbox 520 1611 711 1700; x_wconf 79' lang='lat' dir='ltr'><strong>Arcadiam,</strong></span> <span class='ocrx_word' id='word_1_63' title='bbox 733 1613 923 1704; x_wconf 84' lang='lat' dir='ltr'><strong>mixtusque</strong></span> <span class='ocrx_word' id='word_1_64' title='bbox 938 1607 1125 1704; x_wconf 74' lang='lat' dir='ltr'><strong>aequalibus</strong></span> <span class='ocrx_word' id='word_1_65' title='bbox 1141 1608 1226 1696; x_wconf 90' lang='lat' dir='ltr'><strong>illic,</strong></span> 
     </span>
     <span class='ocr_line' id='line_1_12' title="bbox 340 1728 1182 1825; baseline -0.007 -21"><span class='ocrx_word' id='word_1_66' title='bbox 340 1737 434 1804; x_wconf 87' lang='lat' dir='ltr'><strong>Dum</strong></span> <span class='ocrx_word' id='word_1_67' title='bbox 452 1733 541 1802; x_wconf 89' lang='lat' dir='ltr'><strong>ferus</strong></span> <span class='ocrx_word' id='word_1_68' title='bbox 558 1733 613 1802; x_wconf 90' lang='lat' dir='ltr'><strong>hic</strong></span> <span class='ocrx_word' id='word_1_69' title='bbox 629 1757 708 1802; x_wconf 89' lang='lat' dir='ltr'><strong>vero</strong></span> <span class='ocrx_word' id='word_1_70' title='bbox 725 1732 860 1801; x_wconf 74' lang='lat' dir='ltr'><strong>desaevit</strong></span> <span class='ocrx_word' id='word_1_71' title='bbox 876 1728 1016 1825; x_wconf 88' lang='lat' dir='ltr'><strong>pulvere</strong></span> <span class='ocrx_word' id='word_1_72' title='bbox 1030 1734 1182 1816; x_wconf 88' lang='lat' dir='ltr'><strong>Mavors,</strong></span> 
     </span>
     <span class='ocr_line' id='line_1_13' title="bbox 342 1850 1194 1946; baseline -0.001 -24"><span class='ocrx_word' id='word_1_73' title='bbox 342 1853 463 1924; x_wconf 89' lang='lat' dir='ltr'><strong>Proelia</strong></span> <span class='ocrx_word' id='word_1_74' title='bbox 480 1850 559 1923; x_wconf 93' lang='lat' dir='ltr'><strong>lude</strong></span> <span class='ocrx_word' id='word_1_75' title='bbox 579 1853 692 1922; x_wconf 91' lang='lat' dir='ltr'><strong>domi:</strong></span> <span class='ocrx_word' id='word_1_76' title='bbox 712 1852 848 1946; x_wconf 91' lang='lat' dir='ltr'><strong>quodsi</strong></span> <span class='ocrx_word' id='word_1_77' title='bbox 867 1867 900 1921; x_wconf 89' lang='lat' dir='ltr'><strong>te</strong></span> <span class='ocrx_word' id='word_1_78' title='bbox 915 1867 1031 1920; x_wconf 90' lang='lat' dir='ltr'><strong>moesta</strong></span> <span class='ocrx_word' id='word_1_79' title='bbox 1049 1851 1194 1946; x_wconf 84' lang='lat' dir='ltr'><strong>sepulcri</strong></span> 
     </span>
     <span class='ocr_line' id='line_1_14' title="bbox 343 1972 1230 2059; baseline -0.005 -17"><span class='ocrx_word' id='word_1_80' title='bbox 343 1977 447 2042; x_wconf 87' lang='lat' dir='ltr'><strong>Fama</strong></span> <span class='ocrx_word' id='word_1_81' title='bbox 460 1989 586 2058; x_wconf 84' lang='lat' dir='ltr'><strong>movet,</strong></span> <span class='ocrx_word' id='word_1_82' title='bbox 605 1973 779 2059; x_wconf 80' lang='lat' dir='ltr'><strong>dabimus3</strong></span> <span class='ocrx_word' id='word_1_83' title='bbox 794 1972 862 2042; x_wconf 91' lang='lat' dir='ltr'><strong>leto</strong></span> <span class='ocrx_word' id='word_1_84' title='bbox 879 1975 1021 2043; x_wconf 89' lang='lat' dir='ltr'><strong>moriere</strong></span> <span class='ocrx_word' id='word_1_85' title='bbox 1038 1974 1198 2043; x_wconf 80' lang='lat' dir='ltr'><strong>virorum</strong></span> <span class='ocrx_word' id='word_1_86' title='bbox 1212 2004 1230 2038; x_wconf 76' lang='lat' dir='ltr'><strong>u</strong></span> 
     </span>
     <span class='ocr_line' id='line_1_15' title="bbox 392 2093 1335 2190; baseline 0 -28"><span class='ocrx_word' id='word_1_87' title='bbox 392 2093 595 2164; x_wconf 76' lang='lat' dir='ltr'><strong>iamdudum</strong></span> <span class='ocrx_word' id='word_1_88' title='bbox 614 2095 705 2163; x_wconf 92' lang='lat' dir='ltr'><strong>hunc</strong></span> <span class='ocrx_word' id='word_1_89' title='bbox 722 2109 840 2163; x_wconf 86' lang='lat' dir='ltr'><strong>eontra</strong></span> <span class='ocrx_word' id='word_1_90' title='bbox 859 2094 1002 2163; x_wconf 90' lang='lat' dir='ltr'><strong>stimulis</strong></span> <span class='ocrx_word' id='word_1_91' title='bbox 1022 2095 1233 2190; x_wconf 84' lang='lat' dir='ltr'><strong>gravioribus</strong></span> <span class='ocrx_word' id='word_1_92' title='bbox 1248 2095 1335 2164; x_wconf 88' lang='lat' dir='ltr'><strong>ardet</strong></span> 
     </span>
     <span class='ocr_line' id='line_1_16' title="bbox 345 2212 1272 2308; baseline 0.003 -25"><span class='ocrx_word' id='word_1_93' title='bbox 345 2217 437 2283; x_wconf 81' lang='lat' dir='ltr'><strong>Trux</strong></span> <span class='ocrx_word' id='word_1_94' title='bbox 453 2212 698 2302; x_wconf 75' lang='lat' dir='ltr'><strong>Atalantiades,</strong></span> <span class='ocrx_word' id='word_1_95' title='bbox 714 2239 778 2283; x_wconf 88' lang='lat' dir='ltr'><strong>nee</strong></span> <span class='ocrx_word' id='word_1_96' title='bbox 794 2213 875 2282; x_wconf 92' lang='lat' dir='ltr'><strong>dum</strong></span> <span class='ocrx_word' id='word_1_97' title='bbox 893 2213 948 2282; x_wconf 90' lang='lat' dir='ltr'><strong>ille</strong></span> <span class='ocrx_word' id='word_1_98' title='bbox 963 2217 1151 2308; x_wconf 81' lang='lat' dir='ltr'><strong>quieverat,</strong></span> <span class='ocrx_word' id='word_1_99' title='bbox 1170 2217 1272 2286; x_wconf 84' lang='lat' dir='ltr'><strong>infit:</strong></span> 
     </span>
     <span class='ocr_line' id='line_1_17' title="bbox 345 2336 1326 2428; baseline 0.007 -27"><span class='ocrx_word' id='word_1_100' title='bbox 345 2337 454 2408; x_wconf 70' lang='lat' dir='ltr'><strong>«Sera</strong></span> <span class='ocrx_word' id='word_1_101' title='bbox 471 2336 572 2406; x_wconf 89' lang='lat' dir='ltr'><strong>etiam</strong></span> <span class='ocrx_word' id='word_1_102' title='bbox 591 2339 625 2406; x_wconf 92' lang='lat' dir='ltr'><strong>in</strong></span> <span class='ocrx_word' id='word_1_103' title='bbox 640 2336 789 2424; x_wconf 87' lang='lat' dir='ltr'><strong>Thebas,</strong></span> <span class='ocrx_word' id='word_1_104' title='bbox 806 2361 947 2428; x_wconf 90' lang='lat' dir='ltr'><strong>quarum</strong></span> <span class='ocrx_word' id='word_1_105' title='bbox 967 2337 1022 2406; x_wconf 91' lang='lat' dir='ltr'><strong>hic</strong></span> <span class='ocrx_word' id='word_1_106' title='bbox 1039 2339 1219 2427; x_wconf 84' lang='lat' dir='ltr'><strong>exercitus,</strong></span> <span class='ocrx_word' id='word_1_107' title='bbox 1239 2364 1326 2410; x_wconf 88' lang='lat' dir='ltr'><strong>arma</strong></span> 
     </span>
     <span class='ocr_line' id='line_1_18' title="bbox 345 2455 1252 2552; baseline 0.001 -23"><span class='ocrx_word' id='word_1_108' title='bbox 345 2457 510 2529; x_wconf 84' lang='lat' dir='ltr'><strong>Profero:</strong></span> <span class='ocrx_word' id='word_1_109' title='bbox 530 2458 683 2551; x_wconf 89' lang='lat' dir='ltr'><strong>quisnam</strong></span> <span class='ocrx_word' id='word_1_110' title='bbox 701 2455 785 2527; x_wconf 85' lang='lat' dir='ltr'><strong>adeo</strong></span> <span class='ocrx_word' id='word_1_111' title='bbox 806 2482 906 2552; x_wconf 93' lang='lat' dir='ltr'><strong>puer,</strong></span> <span class='ocrx_word' id='word_1_112' title='bbox 925 2472 964 2527; x_wconf 88' lang='lat' dir='ltr'><strong>ut</strong></span> <span class='ocrx_word' id='word_1_113' title='bbox 979 2457 1103 2528; x_wconf 89' lang='lat' dir='ltr'><strong>bellare</strong></span> <span class='ocrx_word' id='word_1_114' title='bbox 1120 2476 1252 2530; x_wconf 84' lang='lat' dir='ltr'><strong>recuset</strong></span> 
     </span>
     <span class='ocr_line' id='line_1_19' title="bbox 345 2578 1276 2676; baseline 0.001 -26"><span class='ocrx_word' id='word_1_115' title='bbox 345 2578 501 2650; x_wconf 85' lang='lat' dir='ltr'><strong>Talibus?</strong></span> <span class='ocrx_word' id='word_1_116' title='bbox 519 2579 671 2649; x_wconf 77' lang='lat' dir='ltr'><strong>Arcadia</strong></span> <span class='ocrx_word' id='word_1_117' title='bbox 692 2580 848 2672; x_wconf 86' lang='lat' dir='ltr'><strong>stirpem,</strong></span> <span class='ocrx_word' id='word_1_118' title='bbox 868 2594 904 2647; x_wconf 90' lang='lat' dir='ltr'><strong>et</strong></span> <span class='ocrx_word' id='word_1_119' title='bbox 919 2578 989 2648; x_wconf 87' lang='lat' dir='ltr'><strong>fera</strong></span> <span class='ocrx_word' id='word_1_120' title='bbox 1008 2582 1134 2650; x_wconf 87' lang='lat' dir='ltr'><strong>semina</strong></span> <span class='ocrx_word' id='word_1_121' title='bbox 1151 2584 1276 2676; x_wconf 85' lang='lat' dir='ltr'><strong>gentis,</strong></span> 
     </span>
     <span class='ocr_line' id='line_1_20' title="bbox 347 2698 1220 2770; baseline 0 0"><span class='ocrx_word' id='word_1_122' title='bbox 347 2702 425 2770; x_wconf 89' lang='lat' dir='ltr'><strong>Non</strong></span> <span class='ocrx_word' id='word_1_123' title='bbox 438 2700 596 2769; x_wconf 89' lang='lat' dir='ltr'><strong>Thebana</strong></span> <span class='ocrx_word' id='word_1_124' title='bbox 617 2698 709 2767; x_wconf 89' lang='lat' dir='ltr'><strong>vides</strong></span> <span class='ocrx_word' id='word_1_125' title='bbox 728 2726 736 2767; x_wconf 91' lang='lat'><strong>:</strong></span> <span class='ocrx_word' id='word_1_126' title='bbox 754 2724 823 2768; x_wconf 90' lang='lat' dir='ltr'><strong>non</strong></span> <span class='ocrx_word' id='word_1_127' title='bbox 844 2724 897 2767; x_wconf 93' lang='lat' dir='ltr'><strong>me</strong></span> <span class='ocrx_word' id='word_1_128' title='bbox 916 2700 978 2768; x_wconf 89' lang='lat' dir='ltr'><strong>sub</strong></span> <span class='ocrx_word' id='word_1_129' title='bbox 996 2715 1093 2769; x_wconf 89' lang='lat' dir='ltr'><strong>noete</strong></span> <span class='ocrx_word' id='word_1_130' title='bbox 1110 2700 1220 2770; x_wconf 82' lang='lat' dir='ltr'><strong>silenti</strong></span> 
     </span>
     <span class='ocr_line' id='line_1_21' title="bbox 280 2818 1178 2916; baseline -0.001 -25"><span class='ocrx_word' id='word_1_131' title='bbox 280 2832 282 2839; x_wconf 79' lang='grc'>’</span> <span class='ocrx_word' id='word_1_132' title='bbox 347 2822 457 2915; x_wconf 90' lang='lat' dir='ltr'><strong>Thyas</strong></span> <span class='ocrx_word' id='word_1_133' title='bbox 471 2820 635 2891; x_wconf 89' lang='lat' dir='ltr'><strong>Echionio</strong></span> <span class='ocrx_word' id='word_1_134' title='bbox 654 2821 798 2915; x_wconf 82' lang='lat' dir='ltr'><strong>genitrix</strong></span> <span class='ocrx_word' id='word_1_135' title='bbox 819 2818 979 2889; x_wconf 86' lang='lat' dir='ltr'><strong>famulata</strong></span> <span class='ocrx_word' id='word_1_136' title='bbox 997 2824 1096 2916; x_wconf 69' lang='lat' dir='ltr'><strong>Lyaeo</strong></span> <span class='ocrx_word' id='word_1_137' title='bbox 1173 2866 1178 2875; x_wconf 85' lang='lat'><strong>·</strong></span> 
     </span>
     <span class='ocr_line' id='line_1_22' title="bbox 347 2940 1220 3034; baseline 0.001 -22"><span class='ocrx_word' id='word_1_138' title='bbox 347 2940 485 3012; x_wconf 86' lang='lat' dir='ltr'><strong>Edidit:</strong></span> <span class='ocrx_word' id='word_1_139' title='bbox 504 2942 595 3011; x_wconf 86' lang='lat' dir='ltr'><strong>haud</strong></span> <span class='ocrx_word' id='word_1_140' title='bbox 613 2966 763 3034; x_wconf 91' lang='lat' dir='ltr'><strong>unquam</strong></span> <span class='ocrx_word' id='word_1_141' title='bbox 780 2941 943 3010; x_wconf 76' lang='lat' dir='ltr'><strong>deformes</strong></span> <span class='ocrx_word' id='word_1_142' title='bbox 964 2943 1088 3012; x_wconf 84' lang='lat' dir='ltr'><strong>vertice</strong></span> <span class='ocrx_word' id='word_1_143' title='bbox 1105 2946 1220 3014; x_wconf 87' lang='lat' dir='ltr'><strong>mitras</strong></span> 
     </span>
     <span class='ocr_line' id='line_1_23' title="bbox 349 3060 1203 3157; baseline 0 -24"><span class='ocrx_word' id='word_1_144' title='bbox 349 3060 542 3147; x_wconf 90' lang='lat' dir='ltr'><strong>Induimus,</strong></span> <span class='ocrx_word' id='word_1_145' title='bbox 560 3063 716 3156; x_wconf 87' lang='lat' dir='ltr'><strong>turpique</strong></span> <span class='ocrx_word' id='word_1_146' title='bbox 731 3088 833 3131; x_wconf 91' lang='lat' dir='ltr'><strong>manu</strong></span> <span class='ocrx_word' id='word_1_147' title='bbox 845 3063 1053 3157; x_wconf 86' lang='lat' dir='ltr'><strong>jactavimus</strong></span> <span class='ocrx_word' id='word_1_148' title='bbox 1063 3064 1203 3133; x_wconf 86' lang='lat' dir='ltr'><strong>hastam.</strong></span> 
     </span>
     <span class='ocr_line' id='line_1_24' title="bbox 348 3180 1192 3279; baseline 0.002 -27"><span class='ocrx_word' id='word_1_149' title='bbox 348 3184 505 3252; x_wconf 91' lang='lat' dir='ltr'><strong>Protinus</strong></span> <span class='ocrx_word' id='word_1_150' title='bbox 523 3180 698 3251; x_wconf 88' lang='lat' dir='ltr'><strong>adstrictos</strong></span> <span class='ocrx_word' id='word_1_151' title='bbox 713 3182 815 3251; x_wconf 91' lang='lat' dir='ltr'><strong>didici</strong></span> <span class='ocrx_word' id='word_1_152' title='bbox 835 3198 967 3279; x_wconf 87' lang='lat' dir='ltr'><strong>reptare</strong></span> <span class='ocrx_word' id='word_1_153' title='bbox 984 3209 1045 3278; x_wconf 91' lang='lat' dir='ltr'><strong>per</strong></span> <span class='ocrx_word' id='word_1_154' title='bbox 1062 3210 1192 3273; x_wconf 87' lang='lat' dir='ltr'><strong>amnes,</strong></span> 
     </span>
     <span class='ocr_line' id='line_1_25' title="bbox 348 3301 1288 3397; baseline -0.001 -20"><span class='ocrx_word' id='word_1_155' title='bbox 348 3303 610 3397; x_wconf 86' lang='lat' dir='ltr'><strong>Horrendasque</strong></span> <span class='ocrx_word' id='word_1_156' title='bbox 627 3301 744 3372; x_wconf 88' lang='lat' dir='ltr'><strong>domos</strong></span> <span class='ocrx_word' id='word_1_157' title='bbox 761 3328 957 3397; x_wconf 82' lang='lat' dir='ltr'><strong>magnarum</strong></span> <span class='ocrx_word' id='word_1_158' title='bbox 975 3306 1102 3377; x_wconf 88' lang='lat' dir='ltr'><strong>intrare</strong></span> <span class='ocrx_word' id='word_1_159' title='bbox 1120 3306 1288 3379; x_wconf 88' lang='lat' dir='ltr'><strong>ferarum:</strong></span> 
     </span>
     <span class='ocr_line' id='line_1_26' title="bbox 349 3420 1306 3521; baseline 0.004 -28"><span class='ocrx_word' id='word_1_160' title='bbox 349 3427 393 3493; x_wconf 90' lang='lat' dir='ltr'><strong>Et</strong></span> <span class='ocrx_word' id='word_1_161' title='bbox 411 3423 492 3517; x_wconf 91' lang='lat' dir='ltr'><strong>quid</strong></span> <span class='ocrx_word' id='word_1_162' title='bbox 506 3420 604 3517; x_wconf 86' lang='lat' dir='ltr'><strong>plura</strong></span> <span class='ocrx_word' id='word_1_163' title='bbox 624 3421 905 3517; x_wconf 78' lang='lat' dir='ltr'><strong>loquarl-ferrum</strong></span> <span class='ocrx_word' id='word_1_164' title='bbox 922 3450 996 3493; x_wconf 90' lang='lat' dir='ltr'><strong>mea</strong></span> <span class='ocrx_word' id='word_1_165' title='bbox 1015 3450 1145 3521; x_wconf 88' lang='lat' dir='ltr'><strong>semper</strong></span> <span class='ocrx_word' id='word_1_166' title='bbox 1162 3442 1196 3496; x_wconf 91' lang='lat' dir='ltr'><strong>et</strong></span> <span class='ocrx_word' id='word_1_167' title='bbox 1211 3454 1306 3499; x_wconf 90' lang='lat' dir='ltr'><strong>arcus</strong></span> 
     </span>
     <span class='ocr_line' id='line_1_27' title="bbox 350 3543 1293 3643; baseline -0.001 -26"><span class='ocrx_word' id='word_1_168' title='bbox 350 3546 461 3617; x_wconf 89' lang='lat' dir='ltr'><strong>Mater</strong></span> <span class='ocrx_word' id='word_1_169' title='bbox 480 3543 597 3631; x_wconf 86' lang='lat' dir='ltr'><strong>habet,</strong></span> <span class='ocrx_word' id='word_1_170' title='bbox 619 3544 718 3612; x_wconf 88' lang='lat' dir='ltr'><strong>vestri</strong></span> <span class='ocrx_word' id='word_1_171' title='bbox 733 3543 859 3613; x_wconf 82' lang='lat' dir='ltr'><strong>feriunt</strong></span> <span class='ocrx_word' id='word_1_172' title='bbox 874 3570 954 3613; x_wconf 88' lang='lat' dir='ltr'><strong>cava</strong></span> <span class='ocrx_word' id='word_1_173' title='bbox 972 3560 1129 3641; x_wconf 84' lang='lat' dir='ltr'><strong>tympana</strong></span> <span class='ocrx_word' id='word_1_174' title='bbox 1148 3564 1293 3643; x_wconf 73' lang='lat' dir='ltr'><strong>patres.»</strong></span> 
     </span>
    </p>

    <p class='ocr_par' dir='ltr' id='par_1_5' title="bbox 351 3662 1348 4121">
     <span class='ocr_line' id='line_1_28' title="bbox 399 3662 1348 3765; baseline 0.002 -29"><span class='ocrx_word' id='word_1_175' title='bbox 399 3667 477 3736; x_wconf 86' lang='lat' dir='ltr'><strong>Non</strong></span> <span class='ocrx_word' id='word_1_176' title='bbox 498 3662 576 3749; x_wconf 90' lang='lat' dir='ltr'><strong>tulit</strong></span> <span class='ocrx_word' id='word_1_177' title='bbox 591 3662 779 3760; x_wconf 83' lang='lat' dir='ltr'><strong>Amphion,</strong></span> <span class='ocrx_word' id='word_1_178' title='bbox 797 3665 994 3760; x_wconf 86' lang='lat' dir='ltr'><strong>vultumque</strong></span> <span class='ocrx_word' id='word_1_179' title='bbox 1013 3684 1048 3737; x_wconf 86' lang='lat' dir='ltr'><strong>et</strong></span> <span class='ocrx_word' id='word_1_180' title='bbox 1063 3670 1097 3737; x_wconf 95' lang='lat' dir='ltr'><strong>in</strong></span> <span class='ocrx_word' id='word_1_181' title='bbox 1117 3694 1177 3738; x_wconf 87' lang='lat' dir='ltr'><strong>ora</strong></span> <span class='ocrx_word' id='word_1_182' title='bbox 1192 3669 1348 3765; x_wconf 89' lang='lat' dir='ltr'><strong>loquentis</strong></span> 
     </span>
     <span class='ocr_line' id='line_1_29' title="bbox 351 3784 1168 3874; baseline 0.001 -18"><span class='ocrx_word' id='word_1_183' title='bbox 351 3784 468 3857; x_wconf 90' lang='lat' dir='ltr'><strong>Telum</strong></span> <span class='ocrx_word' id='word_1_184' title='bbox 490 3786 633 3854; x_wconf 88' lang='lat' dir='ltr'><strong>immane</strong></span> <span class='ocrx_word' id='word_1_185' title='bbox 650 3800 760 3855; x_wconf 87' lang='lat' dir='ltr'><strong>rotat:</strong></span> <span class='ocrx_word' id='word_1_186' title='bbox 777 3784 835 3855; x_wconf 90' lang='lat' dir='ltr'><strong>sed</strong></span> <span class='ocrx_word' id='word_1_187' title='bbox 852 3784 931 3874; x_wconf 78' lang='lat' dir='ltr'><strong>ferri</strong></span> <span class='ocrx_word' id='word_1_188' title='bbox 950 3785 1076 3857; x_wconf 88' lang='lat' dir='ltr'><strong>lumine</strong></span> <span class='ocrx_word' id='word_1_189' title='bbox 1093 3788 1168 3857; x_wconf 91' lang='lat' dir='ltr'><strong>diro</strong></span> 
     </span>
     <span class='ocr_line' id='line_1_30' title="bbox 351 3906 1187 4002; baseline 0.004 -25"><span class='ocrx_word' id='word_1_190' title='bbox 351 3908 519 3977; x_wconf 89' lang='lat' dir='ltr'><strong>Turbatus</strong></span> <span class='ocrx_word' id='word_1_191' title='bbox 537 3907 687 4001; x_wconf 92' lang='lat' dir='ltr'><strong>sonipes,</strong></span> <span class='ocrx_word' id='word_1_192' title='bbox 705 3932 773 3975; x_wconf 87' lang='lat' dir='ltr'><strong>sese</strong></span> <span class='ocrx_word' id='word_1_193' title='bbox 791 3906 1031 4002; x_wconf 90' lang='lat' dir='ltr'><strong>dominumque</strong></span> <span class='ocrx_word' id='word_1_194' title='bbox 1049 3913 1187 3981; x_wconf 90' lang='lat' dir='ltr'><strong>retorsit</strong></span> 
     </span>
     <span class='ocr_line' id='line_1_31' title="bbox 351 4026 1269 4121; baseline 0.009 -27"><span class='ocrx_word' id='word_1_195' title='bbox 351 4030 390 4094; x_wconf 92' lang='lat' dir='ltr'><strong>In</strong></span> <span class='ocrx_word' id='word_1_196' title='bbox 408 4026 509 4116; x_wconf 81' lang='lat' dir='ltr'><strong>lutus,</strong></span> <span class='ocrx_word' id='word_1_197' title='bbox 530 4042 629 4121; x_wconf 88' lang='lat' dir='ltr'><strong>atque</strong></span> <span class='ocrx_word' id='word_1_198' title='bbox 649 4027 780 4103; x_wconf 88' lang='lat' dir='ltr'><strong>avidam</strong></span> <span class='ocrx_word' id='word_1_199' title='bbox 798 4028 981 4097; x_wconf 86' lang='lat' dir='ltr'><strong>transmisit</strong></span> <span class='ocrx_word' id='word_1_200' title='bbox 998 4028 1115 4101; x_wconf 88' lang='lat' dir='ltr'><strong>devius</strong></span> <span class='ocrx_word' id='word_1_201' title='bbox 1131 4031 1269 4103; x_wconf 84' lang='lat' dir='ltr'><strong>hastam.</strong></span> 
     </span>
    </p>
   </div>
   <div class='ocr_carea' id='block_1_3' title="bbox 0 0 1498 4950">
    <p class='ocr_par' dir='ltr' id='par_1_6' title="bbox 0 0 1498 4950">
     <span class='ocr_line' id='line_1_32' title="bbox 0 0 1498 4950; baseline 0 0"><span class='ocrx_word' id='word_1_202' title='bbox 0 0 1498 4950; x_wconf 95' lang='lat' dir='ltr'><strong> </strong></span> 
     </span>
    </p>
   </div>
  </div>
 </body>
</html>
