2934 4950
88 452 194 516 tent)
392 451 608 509 rusunmos-
622 454 731 510 munn
751 455 800 508 iv.
891 525 895 532 y

88 573 308 645 Vulneribus:
326 601 394 644 non
412 575 468 646 ille
483 579 581 647 minis
599 577 780 673 Polynicis,
801 594 834 648 et
850 581 904 648 ira·

87 693 234 778 Inferior,
251 693 458 789 dubiumque
472 696 559 765 'adeo
578 700 632 766 cui
652 698 740 767 bella
759 714 926 792 gerantur.
988 749 990 752 -

131 816 239 908 Major
256 817 387 887 atinde
408 819 503 886 novis
523 820 551 886 it
568 820 712 887 Doricus
732 819 816 886 urdo
835 820 895 888 sub
916 821 1032 908 armis,

87 937 152 1022 Qui
169 939 276 1030 ripas,
292 940 429 1031 Lyrcie,
450 952 538 1026 tuas,
558 953 616 1008 tua
634 939 733 1008 litora
755 937 862 1009 multo
938 986 941 994 ·
961 985 964 994 ·

87 1057 228 1125 Vomere
245 1055 469 1151 suspendunt,
488 1058 663 1127 fluviorum
683 1058 804 1128 ductor
818 1062 999 1150 Achivum,

87 1175 204 1243 Inache
222 1201 231 1243 t
250 1177 389 1271 (Persea
405 1201 514 1271 neque
530 1181 620 1247 enim
641 1178 818 1262 violentior
836 1183 901 1249 exit
978 1211 980 1218 ·

87 1297 201 1364 Amnis
209 1296 332 1386 humo,
346 1322 451 1391 quum
461 1300 628 1386 Taurum,
642 1315 702 1368 aut
713 1297 844 1369 Pliadas
853 1301 965 1370 hausit
980 1325 1123 1394 aquosas

86 1413 264 1507 Spumeus,
283 1430 317 1484 et
333 1441 456 1510 genero
472 1421 594 1487 tumuit
609 1422 691 1487 Jove
703 1417 737 1511 z)
755 1443 838 1512 quos
852 1418 940 1487 cele'r
955 1420 1060 1488 ambit

86 1539 254 1625 Asterion,
276 1540 515 1633 Dryopumque
533 1539 665 1608 trahens
685 1541 844 1609 Erasinus
860 1541 998 1608 aristas:

84 1658 126 1724 Et
140 1658 198 1750 qui
218 1683 299 1727 rura
317 1658 457 1730 domant
473 1659 655 1755 Epidauria
671 1660 814 1730 :dexter
830 1660 952 1730 Iaccho

85 1779 203 1866 Collis,
226 1794 260 1848 at
275 1783 407 1850 Ennaeae
425 1783 540 1856 Cereri
558 1797 682 1876 negat:
700 1783 773 1850 avia
793 1785 903 1876 Dyme

86 1901 188 1968 Mittit
204 1925 300 1995 opes,
320 1901 506 1996 densasque
523 1901 621 1996 Pylos
636 1901 753 1976 Neleia
769 1919 910 2004 turmas,
937 1941 938 1946 ¹

85 2022 243 2090 Nondum
261 2037 339 2090 nota
356 2021 470 2117 Pylos,
485 2024 799 2118 juvenisque-aetate
817 2024 962 2094 secunda

86 2143 219 2230 Nestor,
237 2156 271 2210 et
288 2145 337 2210 irc
354 2157 465 2211 tamen
481 2145 630 2239 peritura
644 2147 680 2212 in
698 2161 807 2214 castra
823 2146 967 2240 negavit.

130 2267 202 2332 Hos
218 2264 341 2358 agitat,
360 2261 574 2359 pulchraeque
591 2264 690 2334 docet
706 2266 836 2334 virtutis
852 2289 1000 2334 amorem

85 2383 220 2456 Arduus
235 2385 469 2479 Hippomedon
484 2410 492 2452 ε
511 2387 614 2480 capiti
631 2388 745 2454 tremit
760 2411 844 2454 aereu
862 2385 979 2471 cassis,

84 2512 146 2577 Ter
161 2509 260 2576 nivea
276 2507 457 2576 scandente
470 2508 552 2601 juba
567 2532 577 2593 ;
594 2505 682 2575 latus
700 2531 800 2575 omne
821 2506 883 2575 sub
901 2506 1002 2574 armis

85 2632 200 2698 Ferrea
221 2644 295 2698 suta
313 2604 429 2698 terunt
446 2656 455 2699 ε
473 2629 632 2698 humeros
650 2644 689 2696 ac
704 2643 840 2722 pectora
859 2625 924 2696 late
1019 2723 1024 2732 .

84 2748 271 2819 Flammeus
287 2750 380 2820 orbis
396 2750 517 2837 habet,
536 2748 748 2844 perfectaque
765 2747 850 2816 vivit
866 2748 901 2816 in
920 2771 1003 2817 auro

84 2872 156 2941 Nox
174 2874 313 2943 Danai:
331 2886 442 2941 sontes
459 2873 634 2940 Furiarum
654 2867 809 2963 lampade
828 2868 924 2962 nigra

84 2995 334 3088 Quinquaginta
351 2992 470 3063 ardent
487 2989 625 3061 thalami
644 3018 652 3061 :
669 3006 766 3085 pater
780 2992 855 3085 ipse
870 2991 1018 3059 cruentis

83 3115 122 3181 In
139 3115 268 3184 loribus
284 3112 466 3208 laudatque
486 3113 578 3183 nefas
598 3128 700 3206 atque
715 3113 850 3207 inspicit
868 3136 974 3180 enses.

128 3232 231 3304 Illum
246 3234 395 3306 Palladia
410 3238 542 3330 sonipes
559 3235 734 3305 Nemeaeus
753 3234 890 3304 abarce

84 3356 224 3427 Devehit
240 3382 334 3426 arma
353 3380 499 3451 pavens,
517 3356 704 3450 umbraque
722 3359 868 3427 immane
889 3352 1014 3425 volanti

84 3476 204 3573 implet
221 3503 335 3575 agros,
354 3476 524 3573 longoque
543 3475 674 3547 attollit.
685 3476 824 3572 pulvere
841 3500 1007 3571 campum.

127 3606 205 3673 Non
223 3600 320 3672 aliter
335 3599 434 3670 silvas
451 3600 599 3669 humeris
616 3615 650 3669 et
667 3612 813 3693 utroque
829 3598 1015 3693 refringens

84 3721 235 3814 Pectore,
252 3738 412 3793 montano
430 3720 557 3817 duplex
572 3720 698 3816 Hyleus
717 3721 760 3791 ab
776 3736 874 3790 antro
982 3738 984 3741 ’

83 3846 284 3941 Pmcipitat3
303 3858 400 3941 pavet
415 3849 501 3915 Ossa
519 3844 604 3929 rias,
622 3840 848 3938 pecudesque,
865 3842 1010 3937 feraeque

82 3967 296 4037 Procubuere
313 3981 404 4035 metu
424 3992 432 4035 τ
452 3991 521 4035 non
542 3966 621 4062 ipsis
637 3964 799 4033 fratribus
816 3964 938 4033 horror

85 4086 211 4173 abfuit,
230 4090 359 4184 ingenti
377 4087 485 4159 donec
501 4090 625 4157 Peneia
646 4084 733 4155 saltu
