2934 4950
338 434 381 490 nt
401 435 431 490 r.
453 435 484 488 r.
505 432 632 490 suurn
651 433 747 490 snt.
767 435 837 489 urs.
859 435 911 488 111.
1095 437 1150 506 267

141 549 239 606 Multa
251 567 341 624 super
349 549 447 606 nsok
465 545 504 624 (t.
518 545 583 626 68).
602 548 692 621 Quasi
705 549 784 606 dicas
797 551 887 618 multa
904 549 1153 622 superabundante

106 640 205 698 indole.
220 641 311 714 Quod
331 643 494 716 exemplum
507 641 615 700 addere
627 643 736 716 poteris
751 643 812 702 aliis
829 643 972 716 ejusmodi
985 661 1031 717 ap.
1047 645 1154 716 Gron,

105 754 131 807 p.
146 735 204 811 ¹59.
216 752 277 808 sq.,
293 745 323 790 et
340 733 406 801 408.

140 827 251 883 Passus
264 823 304 906 (v.
325 825 512 904 72).-sci1.
529 845 573 898 es,
587 828 740 902 pertulisti.
759 830 937 902 Tyrannum,
958 830 1125 908 Caligulam.

141 923 242 996 longo
260 919 415 976 transmisit
427 920 531 977 babere
546 921 656 976 Neroni
667 919 705 1000 (v.
723 920 786 1000 78).
801 925 902 1000 Longo
920 923 1044 998 explicat
1063 926 1152 980 Gron.

105 1015 132 1070 in
145 1017 266 1089 longum
281 1022 408 1088 tempus,
422 1013 474 1090 qui
491 1013 730 1088 din,pertotu1n
739 1015 852 1091 imperii
864 1017 1154 1092 tempus,Claudirun

105 1109 256 1164 Etruscum
269 1107 299 1160 in
313 1107 378 1162 aula
397 1106 540 1165 babuerit.
563 1106 621 1162 Sed
634 1126 702 1164 vera
715 1127 775 1166 esse
795 1109 911 1166 videtur
925 1111 1092 1168 Msstorum
1110 1111 1154 1165 le-

106 1201 157 1256 ctio
170 1221 179 1255 ε
194 1201 310 1275 longo...
328 1202 448 1274 nepoti.-
463 1201 598 1258 Claudius
615 1220 675 1258 non
688 1201 750 1258 filio
769 1202 922 1260 transmisit
940 1223 1019 1277 euru,
1037 1203 1088 1259 sed
1102 1206 1153 1279 qui

105 1296 185 1370 longe
198 1295 237 1350 ab
250 1295 315 1368 ipso
329 1304 406 1365 erat,
415 1295 523 1370 nepoti
538 1296 642 1370 Neque
655 1295 846 1372 argutandum
860 1295 890 1350 in
904 1315 939 1351 eo
954 1315 1020 1353 cum
1034 1297 1154 1368 Markl,

106 1387 182 1462 quod
200 1389 282 1445 Nero
300 1407 361 1444 non
380 1388 470 1464 ipsius
490 1387 604 1448 Claudii
617 1407 708 1464 nepos
728 1399 808 1461 erat,
826 1387 877 1445 sed
890 1389 984 1446 fratris
1003 1390 1065 1462 ejus
1078 1393 1153 1447 Ger·

105 1482 211 1538 manici.
426 1479 435 1488 ’

143 1579 216 1646 Quis
239 1577 361 1650 Superos
377 1587 504 1630 metuens
522 1574 561 1652 (v.
579 1595 617 1650 79
640 1573 731 1655 sq.).*u
744 1576 831 1647 Quis,
847 1577 898 1651 qui
919 1577 974 1634 diis
995 1577 1154 1647 ministrat,

107 1669 208 1726 dicitur
222 1667 380 1724 inserviisse
401 1679 446 1724 tot
465 1669 558 1740 beris,
577 1680 652 1744 quot
676 1679 722 1742 tu,
742 1670 875 1742 Etrusco,
901 1669 1070 1728 inserviistii
1086 1669 1171 1726 Non.

106 1761 351 1831 Mercurius,non
364 1761 433 1833 iris,
446 1779 506 1817 non
515 1761 635 1818 Triton:
649 1761 691 1820 illi
708 1763 785 1818 enim
799 1762 918 1838 singulis
934 1773 1047 1818 tantum
1061 1761 1154 1819 inser-

106 1853 236 1926 viebant,
249 1864 285 1910 tu
308 1863 434 1928 quatuor
455 1853 610 1910 dominis.»
630 1858 751 1912 Manu..
766 1858 801 1912 ln
822 1855 929 1930 quibus
950 1867 1045 1911 tamen
1065 1856 1153 1912 verba
1181 1853 1183 1856 ’

106 1959 176 2004 certe
190 1947 317 2023 Superos
329 1958 456 2002 metuens
468 1948 572 2004 merito
586 1950 647 2023 ipsc
662 1949 693 2004 in
713 1948 921 2005 dubitationem
940 1948 1060 2006 vocavit.
1077 1950 1151 2004 Pro-

107 2044 238 2098 mensisse
251 2053 294 2098 est
312 2041 367 2098 sibi
380 2041 548 2102 devinxisse.

142 2135 308 2192 Dabssatico
324 2137 403 2210 quod
417 2147 513 2192 monte
532 2138 605 2192 nitet
627 2136 666 2214 (t.
685 2133 746 2215 90).
766 2137 847 2208 Sive,
868 2147 902 2192 nt
921 2137 960 2192 ait
983 2155 1011 2206 1,
1026 2154 1059 2206 2,
1082 2135 1153 2208 153,

106 2229 289 2284 mnam
312 2230 462 2284 metallum
481 2247 491 2282 .·
512 2224 615 2296 aarum
635 2229 694 2285 :de
715 2249 776 2304 quo
797 2229 916 2285 laudaut
934 2228 1018 2299 Plin,
1038 2231 1074 2283 H.
1096 2231 1152 2297 It,
1221 2227 1223 2232 ’

107 2340 262 2394 m111,c.
280 2339 314 2377 nr
333 2340 341 2377 ε
358 2345 374 2373 ι
388 2322 537 2378 Invenitur
554 2317 680 2400 (aarum)
699 2323 855 2397 aliquando
874 2320 904 2376 in
924 2339 1033 2378 summa
1053 2323 1153 2378 tellure

107 2416 236 2490 protinus
247 2433 315 2472 rara
335 2415 483 2488 felicitate,
505 2427 538 2472 ut
551 2435 645 2491 nuper
659 2416 689 2470 in
707 2417 863 2488 Dalmatia,
879 2415 1042 2491 principatu
1056 2418 1153 2472 Nero·

108 2511 162 2582 nis,
180 2510 300 2586 singulis
320 2509 423 2567 diebus
445 2511 532 2567 ctiam
549 2511 767 2585 quinquagenas
779 2508 867 2565 libras
889 2508 1049 2565 fundens.»
1070 2508 1153 2565 Adde
1173 2494 1178 2500 ³

108 2605 246 2675 Fnouurs,
260 2624 308 2676 rr,
326 2623 375 2677 ss,
390 2610 407 2676 ς
424 2624 475 2676 12,
490 2606 623 2676 etiaim,
636 2624 676 2677 ιν,
692 2624 720 2677 7,
739 2604 772 2663 15
789 2624 853 2680 sqq.

143 2699 308 2773 Pers-pam
328 2700 405 2756 nives
424 2696 463 2779 (v.
488 2698 548 2777 94).
574 2698 743 2775 Crystallina
766 2698 880 2773 pocula.
900 2696 1001 2784 Citant¹
1014 2694 1153 2767 Plinium,

108 2808 223 2862 mm,
237 2810 263 2848 c.
278 2810 297 2867 9
313 2811 321 2846 z
335 2792 509 2849 «Contraria
520 2794 588 2850 huic
603 2810 687 2849 causa
705 2792 773 2853 iacit
793 2792 971 2867 crystallum,
985 2790 1051 2866 gelu
1064 2788 1153 2844 rebe-

109 2884 244 2944 ntnliore
257 2896 410 2957 concret03
427 2904 481 2942 nec
501 2886 589 2942 aliubi
604 2896 681 2942 certe
693 2885 851 2960 reperitur,
868 2901 954 2960 quam
967 2883 1018 2940 ubi
1032 2880 1154 2937 maxime

110 2977 232 3035 hiberna
248 2980 329 3035 nives
341 2980 449 3055 rigent5
462 2980 640 3055 glaciemque
659 2998 719 3037 esse
731 2990 841 3035 certum
856 2990 914 3048 est,
928 2978 1005 3035 unde
1022 2987 1051 3033 et
1063 2974 1155 3031 Graeci

111 3090 213 3129 nomen
231 3073 370 3137 dedere.»
383 3104 424 3117 -
440 3074 579 3147 Massyla
595 3072 715 3141 νυόονα,
730 3088 834 3131 menses
848 3072 951 3135 citreae.

150 3167 179 3217 V
174 3168 226 3241 igit
230 3167 295 3240 ipse
304 3169 449 3242 oninique
456 3168 570 3243 sagacis
583 3167 688 3222 seins
696 3166 796 3222 evolvis
807 3163 845 3243 (v.
860 3164 898 3241 98
913 3160 975 3241 sq).
989 3162 1155 3221 verbosius

111 3274 198 3315 semu
211 3260 319 3319 usarkl.
334 3260 410 3333 conj.
425 3280 433 3315 ε
447 3261 598 3334 acinoque
611 3260 716 3336 sagaci
734 3259 858 3325 excitus,
873 3256 1022 3331 praeclare!
1044 3256 1153 3327 Super-

112 3351 200 3408 sederi
212 3353 342 3426 potuisse
354 3352 521 3416 mutationis
532 3364 615 3427 parte
628 3352 799 3431 existimarit
811 3352 970 3420 Weberus‚
985 3348 1037 3423 qui
1052 3348 1156 3424 geniti-

111 3462 161 3501 vos
173 3446 318 3521 uniatque
337 3447 452 3522 sagacis
471 3446 589 3520 reliquit
603 3445 641 3510 sd
656 3458 788 3507 normam
806 3444 986 3505 locutionum
999 3459 1155 3515 suspensas

113 3538 214 3605 masau,
230 3543 316 3595 latus
329 3540 455 3613 incepti:
469 3550 514 3608 at,
528 3538 638 3601 etiamsi
651 3537 709 3604 dici
722 3547 837 3610 poterat
852 3535 961 3592 accinit
974 3533 1081 3600 animi,
1097 3552 1156 3590 non

112 3638 220 3698 potent
238 3632 350 3698 cuitus
364 3633 455 3693 ociosi
465 3618 588 3707 sagaci
603 3631 737 3696 citemus
757 3630 863 3691 escaus
882 3627 987 3703 legitur
1004 3626 1035 3680 in
1050 3626 1095 3681 ed.
1111 3643 1155 3698 pr.

114 3728 139 3773 et
152 3721 210 3777 aliis
223 3732 292 3778 vett.

149 3814 285 3889 &tipum
299 3812 337 3893 (v.
358 3813 433 3895 105).
448 3816 609 3893 Signatum,
621 3824 752 3893 μμχοίη,
770 3812 844 3869 Vide
858 3814 974 3869 Munna.

152 3908 237 3964 laesa
250 3907 399 3983 profundo
415 3910 489 3966 (isra
508 3906 713 3986 mero(v.107
733 3903 789 3983 sq.)
810 3904 895 3963 Fides
915 3916 963 3961 tua
983 3916 1012 3960 et
1029 3912 1158 3981 insulsus

114 4018 206 4055 rerum
218 4001 376 4059 Domitiani
388 4020 536 4077 nunquam
550 4022 602 4078 per
615 4002 713 4058 vinum
726 4000 849 4071 violata,
864 3999 938 4069 sive,
952 4011 985 4055 ut
998 3999 1089 4075 glossa
1103 4013 1156 4052 co-

115 4092 183 4149 dicis
194 4096 297 4167 Paris,
311 4097 381 4153 vino
399 4116 499 4154 mersa.
589 4108 614 4152 ο
