2934 4950
297 460 354 502 seo
443 476 448 486 ·
613 443 828 502 nmmos
850 443 961 500 mum
982 441 1035 497 111.
1249 441 1282 502 (v.
1293 440 1344 502 ⁸³0)

295 572 396 639 Nunc
408 573 535 639 serrum
548 570 762 665 adspectans,
774 573 977 664 «Nunquam
987 567 1049 636 tibi
1061 565 1233 660 sanguinis
1242 565 1343 660 hujus

294 692 448 777 luserit,
466 705 527 760 snt
544 715 668 786 magno
682 690 782 760 feries
799 688 978 784 imperdita
995 687 1108 784 Tydeo

293 812 453 880 Pectora:
471 809 559 880 vado
576 810 733 905 equidem
751 808 942 898 exsultans,
962 823 1144 904 ereptaque
1160 805 1231 878 lata

294 932 470 1024 Insequor,
489 947 524 1000 et
544 934 681 1002 comites
698 931 789 1004 feror
808 943 1019 1024 exspectatus
1038 927 1082 998 ad
1098 927 1246 998 umbras.

292 1052 340 1119 Te
358 1054 509 1146 Superis,
528 1049 731 1146 fratriquel»
750 1055 796 1122 Et
809 1053 879 1146 jam
897 1048 1007 1120 media
1024 1073 1099 1120 orsa
1118 1046 1290 1143 loquentis

293 1168 486 1242 Abstulerat
503 1170 641 1267 plenum
662 1170 782 1266 capulo
799 1168 886 1240 latus
904 1195 912 1238 ε
932 1167 988 1240 ille
1006 1167 1116 1240 dolori

293 1291 441 1385 Pugnat,
455 1307 490 1362 et
507 1293 678 1387 ingentem
694 1293 776 1362 nixu
793 1288 982 1384 duplicatus
999 1291 1034 1360 in
1052 1291 1156 1362 ictum

293 1411 429 1480 Corruit
446 1413 673 1507 extremisque
692 1413 812 1482 nnimae
829 1408 1030 1506 singultibus
1045 1433 1160 1482 errem

293 1528 449 1601 Alternus
466 1557 558 1602 nunc
574 1557 633 1602 ore
650 1534 762 1622 venit,
781 1556 871 1602 nunc
891 1529 1029 1600 vulnere
1049 1530 1193 1628 sanguis

340 1656 495 1726 Excusso
511 1678 690 1749 procerum
716 1667 862 1742 mentes,
880 1653 1078 1748 turbataque
1096 1665 1247 1722 mussent

292 1771 443 1842 Concilio
460 1798 470 1841 e
489 1789 541 1846 sst
561 1773 657 1847 illum
676 1775 814 1869 conjux,
836 1772 963 1868 fidique¹
979 1787 1135 1870 parentes

293 1894 489 1961 Servnntem
505 1892 635 1982 vultus,
654 1908 688 1962 et
707 1908 843 1964 torvum
860 1894 897 1964 in
914 1908 1023 1963 morte
1040 1906 1192 1992 peracte,

292 2012 362 2082 Nec
378 2010 518 2108 longum
538 2011 695 2088 reducem
712 2010 829 2104 letati,
849 2015 886 2082 in
904 2027 992 2084 tecta
1008 2013 1168 2084 ferebant.
1279 2007 1283 2014 ’

342 2131 408 2202 Sed
428 2130 524 2202 ducis
540 2132 669 2202 infandi
687 2133 812 2204 rebidae
829 2159 898 2204 non
913 2134 1074 2204 hactenus
1096 2134 1152 2204 irae

293 2255 388 2322 Stare
405 2267 534 2346 queunt
552 2279 561 2321 ε
576 2267 665 2322 vetat
683 2254 762 2350 igne
778 2255 867 2352 rupi,
887 2279 1068 2351 pacemque
1087 2249 1231 2350 sepulcri

292 2374 420 2469 Impius
438 2374 563 2469 ignaris
578 2376 802 2470 nequicquam
822 2376 977 2446 manibus
994 2389 1096 2446 arcet.

337 2500 390 2591 Tu
410 2512 522 2567 tamon
541 2500 694 2593 egregius
711 2498 790 2589 fati,
814 2500 1020 2595 mentisque,
1039 2524 1101 2568 nec
1120 2521 1268 2592 unquam

166 2648 171 2657 ·
291 2616 473 2713 Indignum
491 2644 629 2713 passure
646 2620 766 2709 situm,
785 2622 845 2714 qui
863 2621 1016 2691 cominus
1036 2642 1137 2690 ausus

288 2736 419 2809 Vadere
437 2752 643 2811 contemtum
662 2724 766 2836 regis,
784 2765 917 2836 quaque
936 2739 1047 2839 ampla
1064 2739 1193 2809 veniret

288 2859 439 2929 Libertas
457 2862 586 2960 sancire
604 2852 711 2949 viam}
730 2886 801 2955 quo
817 2863 963 2934 carmine
984 2860 1137 2957 dignam,

289 2981 370 3068 Quo
391 2984 470 3051 satis
488 3008 546 3053 ore
566 2984 631 3053 tuis
651 2982 774 3054 famam
792 2984 973 3053 virtutibus
995 2982 1134 3075 nddem,

287 3104 405 3197 Augur
421 3117 532 3173 amate
546 3102 649 3173 Deis?
661 3129 739 3173 non
755 3120 788 3175 te
805 3104 950 3175 coelestin
971 3104 1096 3177 frustra

285 3220 445 3309 Edocuit‚
466 3222 628 3319 lauroque
648 3249 708 3295 sua
727 3225 885 3322 dignatus
906 3224 1028 3325 Apollo
1046 3242 1116 3297 est:

285 3344 331 3411 Et
344 3366 517 3415 nemorum
531 3344 675 3418 Dodone
691 3370 831 3443 parens,
850 3348 1073 3442 Cyrrhaeeque
1092 3350 1188 3444 virgo

287 3461 429 3535 Audebit
448 3466 549 3538 tacito
568 3465 712 3562 populos
731 3466 934 3563 suspendere
956 3464 1103 3538 Phoebo!

286 3584 386 3654 Nunc
403 3610 538 3681 quoque
555 3589 715 3658 Tartareo
734 3586 881 3660 multum
899 3589 1024 3659 divisus
1037 3593 1170 3660 Averno

284 3704 470 3799 Elysins2i,
488 3732 589 3803 carpe
607 3705 749 3804 plagas:
769 3710 828 3781 ubi
846 3710 1000 3781 manibus
1021 3712 1092 3779 axis

284 3824 400 3896 Invius
417 3829 572 3922 Ogygiis,
590 3854 653 3899 nec
674 3833 780 3901 sontis
800 3831 915 3926 iniqua
931 3832 1081 3927 Tyranni

283 3948 380 4017 losse
395 3945 508 4019 volent
524 3974 534 4016 ε
552 3950 676 4021 durent
691 3950 846 4041 habitus,
864 3968 898 4021 et
918 3953 1068 4021 membra
1088 3954 1236 4025 cruentis

284 4067 447 4138 Inviolatn
464 4068 560 4158 feris,
578 4072 737 4166 nudoque
757 4074 819 4145 sub
837 4098 898 4143 axe
911 4077 1078 4169 jacentem
