2934 4950
324 347 381 404 „s
622 343 839 401 rnnnnoos
859 343 973 400 arnse
992 344 1042 400 x1.
1251 345 1285 410 (v.
1301 347 1374 406 σεε.)

322 480 413 544 Ista:
434 473 521 542 feros
539 471 656 542 aridus
673 471 757 566 quin
779 465 933 567 protinus
955 471 1077 540 imbuis
1094 470 1218 540 enses?

322 595 429 668 Crede
448 622 456 661 :
477 593 555 664 licet
571 594 682 664 veniat
700 593 844 689 cupidus
860 571 977 686 parere
995 591 1145 682 satelles,

321 717 578 812 Intrepidusque
594 731 683 786 secet
703 705 772 785 non
790 715 948 784 evitantia
964 712 1061 785 colla.
1124 766 1132 774 -
1449 798 1450 811 ἶ

320 841 435 934 Incipe
456 866 464 908 ε
482 864 525 908 an
542 853 710 933 exspectas
724 853 769 908 ut
785 835 1082 932 pronussupplioe
1102 837 1219 908 dextra
1449 864 1450 925 q

321 961 479 1031 Sternar?
494 976 529 1030 et
545 955 683 1030 immitis
701 959 829 1028 domini
850 959 989 1054 vestigia
1002 960 1174 1054 quaeram?
1449 928 1450 1015 l

320 1087 426 1180 Finge
444 1097 555 1154 autem
576 1097 725 1168 tentare,
743 1080 855 1150 sines?
875 1080 1002 1190 milrine
1021 1079 1090 1150 ulla
1109 1082 1249 1152 minaris

321 1205 516 1302 Supplicia?
536 1220 595 1276 aut
611 1203 698 1275 ullos
716 1205 799 1274 reris
819 1229 991 1298 superesse
1008 1205 1172 1275 timores?

322 1329 488 1422 Linquere
505 1343 592 1398 tecta
608 1327 729 1422 jubes?
748 1324 868 1395 coelum
888 1341 1059 1420 terrasque
1073 1325 1194 1420 reliqui

323 1453 470 1544 Sponte,
491 1463 591 1543 atque
612 1447 766 1520 ultricem
782 1446 926 1517 crudelis
943 1448 978 1516 in
996 1472 1055 1518 ora
1072 1450 1192 1521 retorsi

321 1575 401 1642 Non
419 1569 488 1639 ullo
506 1583 645 1665 cogente
662 1593 822 1639 manum:
840 1569 923 1663 quid
940 1567 1006 1638 tale
1016 1569 1168 1664 jubere,

321 1697 394 1763 Rex
412 1667 565 1778 iniinice,
584 1692 702 1787 potes?
720 1692 829 1787 fugio,
847 1691 1042 1786 excedoque
1058 1692 1210 1763 nefandis

322 1814 461 1885 Sedibus
483 1841 491 1883 ε
511 1840 556 1884 an
576 1814 691 1902 refert,
713 1839 782 1909 quo
802 1814 920 1884 funera
939 1812 1056 1905 longa,
1074 1839 1233 1908 measque

321 1939 558 2031 Transportem
578 1935 756 2005 tenebras?
775 1961 818 2004 ne
838 1961 907 2004 non
925 1959 1007 2030 gens
1023 1928 1144 2004 cuncta
1160 1939 1311 2029 precanti

322 2056 507 2145 Concedat,
525 2058 640 2151 patriae
654 2073 817 2151 quantum
838 2059 939 2126 miser
958 2057 1082 2126 incubo
1098 2057 1218 2126 terras?

321 2178 386 2248 Sed
402 2176 517 2250 dulces
533 2177 668 2250 Tbebae!
690 2165 849 2250 nimiruni
870 2181 925 2250 hic
939 2177 1062 2248 clarior
1073 2195 1189 2268 ortus,-

320 2305 366 2370 Et
383 2301 521 2372 meliora
541 2327 630 2370 meos
646 2300 856 2397 permulcent
875 2301 984 2370 sidera
1002 2299 1125 2372 vultus.

321 2425 385 2494 Hie
400 2425 560 2521 genitrix,
580 2426 717 2519 natique
740 2423 891 2517 :babeas
911 2423 1071 2495 Thebana
1089 2448 1256 2522 regasque

320 2549 463 2633 Moenia,
481 2573 549 2641 quo
566 2518 733 2635 Caddrus,
751 2571 820 2641 quo
837 2546 939 2615 Laius
956 2548 1070 2615 omine
1086 2549 1188 2634 rexit,

320 2674 467 2764 Quoque
486 2695 549 2764 ego
569 2697 577 2739 ε
599 2672 646 2739 sic
663 2667 845 2754 thalamos,
864 2669 912 2737 sic
932 2669 1075 2765 pignora
1095 2668 1161 2739 fida
1181 2694 1361 2765 capessas:

321 2794 393 2863 Nec
411 2792 474 2861 tibi
488 2792 531 2861 sit
550 2793 656 2861 virtus
674 2791 845 2861 fortunam
861 2790 1001 2859 evadere
1017 2791 1148 2878 dextra3

321 2914 386 2983 Sed
401 2913 510 2983 lucem
525 2912 708 3007 deprensus
726 2937 817 2981 ames
837 2938 844 2981 :
863 2914 943 2982 satis
957 2914 1072 2983 omina
1087 2914 1182 2983 sanxi
1204 2942 1213 2983 ε

321 3039 417 3123 Duc,
445 3060 522 3131 age,
547 3049 627 3103 nata
647 3031 764 3129 procul
784 3060 793 3102 ε
810 3033 894 3128 quid
913 3049 1075 3106 teautern
1087 3034 1242 3105 luctibus
1260 3036 1364 3107 addo?

320 3160 394 3245 Da,
413 3182 472 3227 rex
492 3180 628 3252 magne,
648 3154 767 3225 ducem
779 3185 796 3220 ι)
817 3156 959 3258 :timuit
979 3156 1166 3227 miseranda
1185 3156 1330 3253 relinqui

321 3279 517 3375 Antigone,
528 3290 700 3370 mutatque
715 3302 832 3373 preces
852 3303 861 3345 ε
881 3276 1030 3349 «Felicia
1045 3302 1108 3373 per
1125 3294 1157 3348 te

320 3400 453 3494 Regna,
473 3398 619 3469 verende
630 3400 759 3488 Creon,
776 3414 976 3493 ,sanctasque
995 3402 1184 3471 Menoeceos
1196 3404 1362 3473 umbras:

320 3526 374 3592 Da
392 3524 523 3592 veniam
541 3520 685 3610 afflicto,
706 3522 870 3617 dictisque
885 3525 1020 3618 ignosce
1039 3524 1203 3619 superbis.

319 3648 419 3714 Hunc
439 3669 568 3713 morem
589 3643 684 3713 fandi
698 3642 807 3739 longae
823 3644 931 3715 fecere
948 3645 1100 3740 querelae.

320 3768 394 3838 Nec
414 3766 475 3835 soli
495 3766 584 3867 ferus
604 3769 664 3837 iste
684 3768 747 3837 tibi
762 3769 843 3837 :esic
863 3768 950 3857 fata,
972 3771 1128 3863 Deosque

321 3886 513 3984 Alloquitur
533 3916 540 3959 :
559 3890 663 3959 durus
685 3888 796 3976 luctu,
813 3891 984 3985 facilisque
1002 3917 1064 3961 nec
1083 3894 1148 3986 ipsi

320 4013 414 4106 Saepe
432 4013 514 4081 mihi
535 4010 690 4108 :pridem
708 4014 872 4083 indomito
892 4013 954 4083 sub
974 4029 1110 4108 pectore
1127 4006 1236 4085 fervet
