2934 4950
71 366 100 408 fv,
116 364 172 425 85.)
387 360 602 419 THEBMDOS
623 361 733 418 LIBER
753 359 803 417 IX·
1065 350 1121 419 ¹45

71 494 174 557 Parte
192 486 314 575 trahit,
335 501 465 583 partem
484 486 670 582 lacrymans
689 498 853 556 sustentat
873 500 994 555 arator.

119 612 212 677 Ecce
229 620 341 677 antem
360 607 515 677 hortatus
534 605 697 695 Eteoclis,
718 621 752 675 et
767 629 860 675 arma
878 604 1003 687 secuti,

68 734 177 798 Lecta
195 753 332 815 manus,
350 729 506 822 juvenes,
527 752 611 821 quos
630 751 693 796 nec
706 729 858 796 Tritonia
876 722 980 808 bello,

67 852 143 919 Nec
160 874 268 944 prope
284 847 405 919 collata
423 850 599 943 sprevisset
618 848 756 942 cuspide
777 852 929 930 Mavors,

69 970 267 1039 Adventant
283 997 290 1035 :
307 984 424 1039 contra
443 967 582 1039 collecta
601 984 639 1038 ut
657 984 793 1064 pectora
814 992 938 1063 parmae

68 1094 223 1179 Fixcrat,
242 1104 342 1183 atque
361 1090 489 1159 hastam
507 1086 605 1185 longe
618 1086 854 1184 protenderat,
873 1089 977 1157 haret

70 1212 212 1281 Arduus
231 1210 489 1305 Hippomedon:
508 1235 568 1279 ceu
589 1210 745 1281 fluctibus
765 1211 864 1280 obvia
881 1233 996 1303 rupes,

69 1335 135 1402 Cui
155 1356 265 1425 neque
284 1330 325 1399 de
341 1327 423 1399 coelo
441 1345 565 1418 metus,
584 1346 618 1399 et
638 1331 741 1401 fracta
761 1355 894 1425 equora
912 1328 1051 1413 cedunt,

68 1460 147 1524 Stat
166 1456 295 1523 cunctis
315 1456 451 1521 immota
470 1452 592 1521 minis:
611 1454 704 1523 timet
724 1455 794 1547 ipse
812 1454 975 1547 rigentem

68 1580 218 1662 Pontus,
239 1590 328 1643 etex
346 1571 414 1642 alto
434 1575 560 1642 miserae
582 1599 705 1643 novere
725 1575 858 1643 carinae.

117 1699 220 1765 Tunc
239 1696 332 1789 prior
351 1691 498 1791 Aonides
517 1693 676 1789 (validam
694 1693 792 1764 simul
811 1692 901 1763 elicit
913 1686 1086 1781 hastam):

69 1850 83 1882 «
96 1820 180 1888 Non
201 1815 304 1912 pudet
323 1815 385 1883 hos
400 1816 534 1899 Manes,
553 1816 622 1885 haec
639 1816 834 1885 infamantia
850 1814 975 1884 bellum

69 1945 226 2037 Funera,
247 1938 308 2006 Dis
328 1958 458 2019 coram,
478 1949 512 2003 et
529 1935 613 2005 coelo
632 1938 837 2031 inspectante
858 1934 963 2006 tueri?

70 2058 208 2128 Scilicet
227 2057 380 2153 egregius
398 2054 500 2123 sudor
519 2057 799 2151 memorandaque
823 2059 929 2126 virtus

70 2186 168 2250 Hanc
187 2174 351 2246 tumulare
371 2175 499 2245 feram?
515 2202 558 2246 ne
574 2202 642 2247 non
661 2177 878 2247 moerentibus
893 2181 999 2269 Argos

70 2298 251 2394 Exsequiis
267 2295 499 2389 lacrymandus
516 2295 587 2366 eat!
609 2297 768 2391 mollique
787 2298 912 2367 feretro

72 2420 251 2494 Infandam
268 2418 411 2512 ejactans
428 2420 575 2490 saniem?
595 2420 750 2490 dimittite
769 2444 894 2490 curam.

71 2541 183 2612 Nullae
204 2539 298 2610 illurn
316 2537 484 2626 volucres,
505 2539 596 2609 nulla
614 2543 715 2636 impia
734 2555 901 2623 monstra,
923 2563 985 2607 nec
1002 2540 1089 2632 ipse,

71 2668 105 2733 Si
122 2664 261 2748 demus,
278 2661 354 2754 pius
371 2661 456 2754 ignis
471 2660 584 2730 edat.»
602 2663 673 2731 Nec
689 2661 787 2757 plura
806 2689 813 2729 :
832 2661 890 2730 sed
905 2663 1022 2755 ingens

72 2789 250 2876 intorquet
266 2777 434 2872 jaculum,
451 2781 538 2851 duro
558 2782 648 2878 quod
667 2785 702 2852 in
724 2808 788 2852 tere
805 2796 991 2865 moratum,

70 2904 385 2993 Transmissumque
405 2916 517 2972 tamen
539 2904 643 3000 clypei
663 2907 754 2974 stetit
770 2905 852 2974 orbe
869 2899 1026 2971 secundo.

71 3025 155 3094 lude
173 3023 315 3107 Pheres,
333 3046 475 3117 acerque
494 3029 602 3118 Lycus
620 3053 627 3094 :
646 3027 702 3096 sed
723 3051 816 3095 cassa
833 3023 983 3094 Pheretis

74 3150 179 3214 Hasta
197 3141 300 3228 redit,
320 3145 428 3236 Lycus
447 3143 575 3216 excelso
595 3162 722 3219 terrore
743 3160 930 3216 comantem

71 3263 273 3336 Perstrinxit
289 3261 417 3357 galeam
433 3291 440 3332 :
459 3265 625 3338 convulsae
645 3268 783 3363 cuspide
802 3268 900 3360 longe

72 3386 249 3480 Dillugerc
260 3383 367 3476 jubae,
387 3389 562 3482 patuitque
580 3387 723 3484 ingloria
743 3389 854 3458 cassis.

73 3515 147 3606 Ipse
165 3529 228 3574 nec
246 3506 295 3572 ire
311 3519 419 3595 retro,
439 3532 500 3577 nec
520 3510 555 3578 in
574 3510 673 3578 obvia
694 3512 846 3578 concitus
865 3531 957 3575 arma

73 3626 210 3710 Exsilit,
230 3627 331 3718 inque
350 3626 465 3697 eadem
480 3655 550 3699 sese
569 3631 708 3725 vestigia
728 3652 858 3722 semper

75 3751 246 3820 Obversus
265 3749 393 3816 cunctis
408 3749 552 3843 profert,
575 3752 780 3844 recipitque,
799 3773 861 3818 nec
881 3771 1030 3841 unquam

76 3870 223 3964 Longius
242 3867 395 3964 indulget
412 3869 551 3957 dextrae,
572 3886 749 3965 motusque
768 3895 829 3965 per
848 3894 964 3952 omncs

76 3994 204 4086 Corpus
222 4005 335 4058 amat:
355 4017 478 4088 corpus
496 4020 647 4084 servans,
663 3995 874 4086 circumque,
893 4013 1061 4085 supraque

220 4133 259 4180 11.
938 4135 978 4180 ιο
