2934 4950
332 444 388 515 276
705 439 1003 498 anNOTnTIONEs

371 565 467 636 Lydia
480 557 546 640 n‘pa
560 571 598 642 (r.
611 558 655 640 6).
675 560 751 635 Ripa
764 558 889 617 Tibridis
896 581 906 632 3
919 571 1053 635 stagnum
1071 563 1173 617 navale
1179 601 1190 629 ,
1210 564 1375 620 naumachia

259 687 262 692 ·
331 651 495 712 Domitiani.

374 750 473 806 Cessat
486 747 604 804 Centeni
614 745 786 802 moderate-ie
799 745 908 800 Iudicis
922 743 1010 800 hasta
1023 741 1062 822 (v.
1074 742 1160 824 ts).
1147 745 1242 804 Nam
1254 745 1377 804 Marcel-

336 845 380 899 lus
389 842 444 898 fuit
452 843 599 916 patronus
602 838 633 896 in'
645 839 736 896 canus
743 839 846 932 apud
828 837 1019 895 centumviros
1026 855 1172 914 ,quorum
1179 838 1291 911 judicia
1303 858 1378 896 nunc

330 934 484 991 cessabant
497 933 524 988 Ii
541 934 622 989 hasta
634 931 811 988 utebantur
803 913 938 1007 msigni.»
926 931 1065 987 »Domn
1082 934 1118 987 V.
1133 929 1233 987 citatos
1253 949 1272 986 a
1284 933 1377 988 Barth.

370 1027 505 1100 latiique
524 1027 603 1081 ducis
618 1027 647 1080 si
663 1027 781 1081 numt'm
799 1019 980 1100 pergent(v.
1000 1019 1059 1101 57).
1076 1022 1123 1080 Sic
1138 1023 1241 1079 Marll.
1251 1023 1311 1079 Sed
1323 1025 1378 1079 hnc

330 1119 362 1174 in
377 1117 543 1175 conditione
555 1117 651 1193 posita
666 1117 789 1174 scribere
805 1135 866 1173 non
884 1111 981 1192 potuit
1003 1117 1117 1173 Statius.
1138 1116 1304 1174 Deserenda
1321 1136 1378 1172 non

333 1223 395 1267 erat
417 1211 550 1268 codicum
569 1222 599 1268 et
620 1210 688 1268 edd.
707 1210 837 1267 omnium
855 1210 941 1266 lectio
965 1229 973 1265 :
989 1232 1002 1260 s
1018 1209 1050 1264 L.
1073 1210 1101 1266 d.
1117 1211 1158 1266 ss'c
1176 1209 1297 1267 numina
1314 1229 1379 1284 pen

333 1316 403 1380 gant
417 1323 424 1361 ε
439 1329 453 1357 s
468 1315 499 1361 et
514 1303 691 1379 parenthesis
704 1303 791 1380 signis
803 1303 863 1359 hnc
882 1300 1055 1359 includenda
1068 1321 1161 1378 usque
1177 1303 1216 1360 ad
1228 1323 1257 1361 r.
1278 1304 1318 1360 60

333 1415 465 1453 renovare
480 1397 587 1452 ἱαιὺιω.
609 1398 672 1468 Sic,
692 1395 752 1452 scil.
774 1405 807 1450 ut
827 1413 863 1450 ex
881 1395 977 1451 animo
990 1410 1103 1469 precor
1121 1397 1196 1453 Usus
1208 1395 1256 1452 hic
1273 1397 1380 1452 vocula

332 1489 373 1542 sic
392 1487 426 1543 in
436 1488 650 1563 precationibus
664 1498 754 1595 notus
768 1498 796 1543 et
811 1489 878 1562 plus
890 1487 957 1544 satis
974 1487 1130 1563 explicatus
1152 1488 1213 1544 ab
1204 1498 1333 1562 interpp.
1347 1487 1380 1543 ad

333 1581 446 1637 Horatii
460 1594 593 1637 carmem

439 1767 478 1816 Sic
487 1776 513 1817 te
524 1767 580 1817 diva
589 1774 674 1833 potens
684 1768 768 1834 Cypri.

373 1935 472 1988 Poscit
483 1953 566 1999 acus,
580 1944 761 2008 praestetque
774 1933 854 1988 domi
869 1934 978 1989 novare
997 1933 1152 2009 triumphos
1167 1929 1206 2010 (v.
1231 1929 1290 2009 73).
1313 1933 1380 2003 Que

332 2045 393 2080 non
416 2025 573 2100 intelligere
594 2045 624 2081 se
645 2025 752 2081 fatetur
777 2025 880 2082 Markl.
903 2025 1077 2100 Explicarim
1095 2025 1151 2096 ita,
1173 2043 1270 2100 neque
1286 2034 1378 2081 tamen

332 2120 417 2193 plane
430 2118 501 2174 mihi
517 2117 658 2174 satisfacio
674 2138 681 2174 ε
697 2119 777 2174 Avus
786 2117 842 2173 tibi
853 2117 911 2175 hoc
928 2129 1058 2193 prestat,
1072 2118 1131 2176 sive
1140 2118 1206 2187 dat,
1215 2117 1297 2174 iactis
1307 2119 1380 2187 suis,

332 2221 378 2281 ut,
393 2230 467 2286 quos
489 2210 538 2267 alii
555 2208 626 2267 foris
646 2228 773 2285 quaerere
793 2221 822 2267 et
843 2228 1015 2288 cognoscere
1032 2210 1152 2280 debent,
1174 2219 1208 2265 tu
1228 2211 1311 2265 domi
1325 2210 1379 2282 jam

333 2304 431 2360 videas
439 2315 468 2360 et
480 2303 595 2360 noveris
608 2303 783 2377 triumphos3
792 2303 860 2376 sive,
874 2303 930 2360 hoc
940 2304 992 2360 tihi
1004 2314 1118 2378 praestat
1130 2313 1228 2378 pater,
1241 2314 1275 2358 ut
1288 2303 1380 2371 dorni,

337 2398 383 2452 vel
399 2397 459 2452 sine
473 2396 657 2471 expeditione
672 2406 701 2454 et
714 2396 912 2472 experimento
926 2415 1086 2468 armorum,
1103 2395 1163 2468 jam
1177 2396 1294 2452 noveris
1312 2395 1380 2471 quid

333 2492 370 2547 sit
386 2490 548 2566 triumphus
567 2512 574 2546 ε
589 2510 649 2566 quo
662 2490 752 2567 magis
765 2502 798 2547 tu
811 2502 988 2566 preparatus
1000 2489 1129 2547 militaris
1142 2488 1239 2566 glorie
1254 2490 1381 2546 curricu-

335 2586 396 2641 lum
416 2582 584 2661 ingrederis
598 2615 639 2625 -
656 2585 692 2640 V.
714 2603 774 2660 seq.
791 2584 973 2660 deprehende
995 2595 1037 2640 est
1058 2595 1183 2654 sectare,
1203 2584 1337 2639 emulare
1356 2594 1381 2639 et

335 2695 494 2752 assequere.
514 2676 625 2734 Deinde
639 2694 724 2732 versu
739 2677 777 2748 76
792 2676 940 2754 antiquam
958 2676 1125 2747 lectionem,
1138 2694 1251 2732 orons
1263 2694 1322 2750 pro
1335 2696 1380 2730 cu-

335 2772 400 2836 n'e,
421 2769 607 2825 Marklandus
629 2779 729 2844 argute
754 2768 954 2825 calumniando
977 2768 1107 2839 damnat,
1131 2768 1277 2843 quamsit
1298 2768 1380 2824 unice

333 2880 411 2919 vera.
433 2862 491 2918 Sed
509 2860 576 2917 talia
594 2880 655 2917 non
668 2861 829 2937 tangimus,
841 2860 1031 2936 ubicumque,
1050 2848 1178 2935 quaeille
1204 2860 1336 2933 reposuit
1352 2860 1379 2913 in

335 2954 441 3026 Statio,
455 2955 516 3011 sine
530 2953 756 3028 ofsensionelegi
769 2966 907 3029 possunt:
918 2954 1089 3011 mutationes
1103 2952 1178 3010 enim
1196 2952 1258 3025 ejus
1271 2952 1379 3008 narrari

336 3068 434 3105 omnes
450 3049 506 3105 nisi
518 3048 549 3103 in
564 3049 653 3123 longo
667 3048 874 3104 commentario
887 3058 1044 3121 nequeunt.

376 3144 492 3197 chtas
511 3142 560 3197 ubi
584 3137 699 3196 Vesbius
711 3138 750 3219 (v.
767 3138 824 3219 79).
839 3142 971 3197 Imitatur
992 3141 1089 3217 Virg„
1099 3144 1175 3209 AEn„
1193 3159 1233 3197 ιιι
1242 3140 1323 3214 ,575
1338 3160 1377 3215 sq.

336 3236 371 3288 V
390 3236 487 3290 Geor.
497 3253 548 3308 ,p.
564 3232 632 3309 269.
645 3231 810 3290 Wakefield
827 3234 865 3291 ad
877 3236 1007 3303 Lucret.‚
1021 3253 1049 3304 1,
1066 3241 1138 3304 724,
1151 3232 1256 3309 frustra
1269 3253 1378 3289 macas.

375 3327 565 3401 Pmeoitaque
584 3337 640 3382 toto
654 3329 761 3384 Rura...
775 3346 848 3383 man
845 3324 899 3405 ¹(r.
915 3324 973 3407 83).
988 3329 1068 3383 Rura
1083 3345 1147 3401 quae
1161 3326 1214 3383 sita
1234 3337 1301 3383 sunt
1317 3337 1377 3382 toto

334 3410 385 3474 illo
399 3428 493 3474 tractu
500 3418 643 3475 maritimo
650 3420 696 3475 vel
710 3419 795 3475 litore
811 3420 885 3475 circa
898 3418 1064 3476 Vesuvium.
1080 3420 1200 3475 Temere
1209 3418 1310 3475 Marll.
1321 3419 1377 3473 hac

335 3528 391 3585 pro
406 3511 551 3584 corruptis
566 3510 676 3567 habuit.

375 3604 483 3659 Procul
495 3606 553 3659 ista
566 3605 636 3672 asts,
661 3604 757 3675 Tifata
764 3646 774 3673 ,
794 3608 882 3661 Teate
894 3602 932 3683 (v.
947 3600 1007 3681 85).
1029 3603 1075 3660 Sic
1090 3602 1160 3659 olim
1173 3602 1254 3671 edd,
1271 3602 1378 3657 incom-

336 3696 430 3752 mode.
452 3695 545 3752 Codd.
568 3697 705 3753 lectiones
730 3697 755 3753 si
776 3698 911 3772 expedire
930 3696 1056 3766 studeas,
1078 3695 1137 3751 fere
1159 3695 1196 3751 ad
1218 3692 1377 3751 Marklandi

337 3789 529 3861 conjecturam
548 3788 672 3858 ducunt,
696 3807 782 3863 quam
796 3802 939 3865 receptam
954 3786 1104 3862 oportuit:
1120 3788 1245 3860 «procul
1258 3786 1309 3842 ista
1328 3784 1380 3838 tibi

336 3882 394 3937 siut
410 3880 482 3951 fata,
496 3881 605 3937 Teate:
624 3905 637 3932 ι
652 3900 715 3955 quae
729 3880 828 3938 civitas
847 3894 908 3939 erat
929 3878 1175 3951 Marrucinorum,
1193 3878 1244 3934 uhi
1267 3894 1378 3952 posses·

336 3975 430 4031 siones
443 3975 479 4031 ab
493 3993 547 4031 avo
560 3975 660 4030 habuit
678 3976 838 4031 Marcellus.
858 3977 932 4033 Vide
946 3978 1001 4030 hoc
1011 3992 1046 4029 cx
1055 3973 1148 4029 Plinio
1155 3973 1377 4029 demonstrantes

337 4070 452 4125 Gerart.
472 4080 500 4124 et
515 4068 617 4124 Μαι-Η.
