2934 4950
393 405 447 444 rao
685 382 897 441 nunnamos
916 378 1027 439 nunu
1046 382 1130 438 vm.
1315 378 1346 441 (v.
1357 382 1408 442 115.)

388 508 591 597 Productus,
611 524 683 581 toto
700 510 826 604 pariter
845 508 907 577 tibi
923 506 1040 577 funere
1054 508 1151 593 veni,

366 692 367 696 ,
388 629 445 700 Nil
464 631 534 699 istis
550 654 689 707 ausurus
709 631 803 723 equis
822 654 830 696 ε
850 653 911 699 nec
925 627 1091 723 deprecor
1108 625 1263 695 umbram

387 751 561 845 Accipere,
578 766 612 819 et
629 748 799 845 tripodum
808 750 882 843 ‘jam
895 774 966 818 non
982 748 1172 818 meminisse
1186 769 1345 814 meorum.

387 871 474 940 Nam
492 870 552 939 tibi
572 872 709 967 praesagi
729 871 883 964 quisnam
896 893 999 966 super
1017 868 1154 963 auguris
1169 892 1267 951 usus,

385 992 500 1080 Quum
517 995 629 1062 Parcae
647 1006 705 1060 tue
721 993 813 1084 jussa
832 990 992 1059 trabant?
1011 988 1068 1057 sed
1086 1003 1224 1084 pectora
1239 986 1363 1075 flectas,

383 1116 426 1181 Et
444 1110 562 1181 melior
578 1114 639 1199 sis,
659 1136 788 1206 quaeso,
806 1113 885 1181 Deis
904 1140 912 1179 ε
931 1112 958 1180 si
977 1110 1113 1207 qnando
1132 1109 1276 1178 nefanda

383 1236 458 1301 Huc
477 1232 585 1304 aderit
605 1233 746 1326 conjux,
763 1231 812 1301 illi
827 1232 957 1302 funesta
976 1257 1106 1301 reserva

382 1352 551 1450 Supplicia
569 1352 651 1424 :illa
670 1370 748 1442 tua,
768 1369 878 1423 rector
894 1354 998 1439 bone,
1017 1353 1152 1449 dignior
1169 1352 1262 1421 ira.»

429 1477 559 1570 Accipit
579 1472 634 1545 ille
649 1499 779 1570 preces,
796 1473 1059 1570 indignaturque
1075 1473 1212 1543 moveri.

380 1597 430 1665 Ut
445 1595 496 1665 leo
515 1594 653 1691 Massyli
670 1621 774 1692 quum
791 1595 849 1665 lux
866 1598 958 1665 stetit
976 1596 1076 1664 obvia
1090 1594 1189 1695 ferri,

378 1720 476 1787 Tunc
495 1718 580 1807 iras,
598 1732 680 1787 tunc
697 1742 791 1787 amna
806 1718 887 1786 citat
905 1743 913 1785 :
932 1717 960 1786 si
978 1716 1108 1786 decidat
1125 1716 1252 1803 hostis,

379 1841 433 1908 lre
453 1864 554 1933 super
571 1841 649 1909 satis
670 1854 740 1926 est,
757 1840 928 1933 vitamque
947 1838 1134 1934 relinquere
1152 1840 1253 1908 victo.

426 1962 560 2030 interea
578 1962 685 2050 vittis,
703 1959 868 2055 lauruque
885 1962 1022 2056 insignis
1039 1962 1150 2056 opima

378 2083 526 2168 Currus,
546 2096 579 2151 et
597 2085 740 2179 egregiis
758 2082 859 2152 modo
878 2080 1075 2151 formidatus
1093 2084 1128 2149 in
1148 2081 1268 2170 armis,

377 2204 469 2271 Luce
487 2202 596 2299 palam
614 2202 707 2274 tirsus
725 2202 830 2292 nulli,
851 2202 1002 2305 nullique
1019 2202 1154 2297 bigotus

375 2324 548 2413 Quaritur
564 2350 573 2393 τ
592 2326 757 2397 absistunt
773 2340 911 2413 turma,
930 2324 1151 2421 suspectaque
1167 2324 1269 2395 tellus

375 2444 541 2539 Omnibus
556 2471 565 2516 ε
580 2445 677 2517 infidi
693 2446 787 2517 miles
807 2446 945 2542 vestigia
962 2446 1073 2543 campi

374 2567 527 2658 Circuit,
555 2583 663 2666 atque'
689 2568 793 2644 avidae
818 2567 1036 2661 tristis-locus
1052 2566 1109 2638 ille
1127 2569 1233 2637 rninae

372 2689 503 2778 Cessat,
519 2706 554 2760 et
569 2689 690 2762 inferni
707 2692 833 2761 vitatur
847 2690 977 2760 honore
996 2687 1150 2785 sepulcri.

419 2811 568 2881 Nuntius
586 2813 736 2924 hortanti
753 2811 883 2885 diversa
902 2814 939 2881 in
957 2781 1052 2908 parte
1070 2807 1238 2905 maniplos

372 2930 533 3019 Adrasto,
552 2934 607 3001 vix
627 2936 699 3029 ipse
720 2950 815 3004 ratus
832 2931 971 3021 vidisse,
989 2931 1156 3003 Palemon

368 3052 528 3142 Advolat,
546 3071 580 3125 et
597 3056 784 3151 trepidans,
802 3071 941 3125 steterat
961 3081 1040 3125 nam
1058 3046 1144 3126 fdrte
1162 3056 1296 3128 cadenti

368 3177 559 3266 Proximus,
576 3179 793 3273 inspectoque
812 3179 913 3248 miser
931 3175 1078 3273 pallebat
1094 3179 1199 3249 hiatu.

417 3301 545 3366 «Verte
565 3298 730 3396 gradum:
750 3299 846 3394 lnge,
864 3313 988 3386 rector,
1007 3301 1071 3386 ait3
1090 3302 1117 3369 si
1136 3303 1263 3371 Dorica
1281 3301 1387 3371 saltem

366 3421 469 3488 Terra
487 3418 579 3506 loco,
599 3423 781 3516 patriaeque
796 3437 950 3512 manent,
969 3422 1028 3491 ubi
1046 3420 1223 3517 liquimus,
1242 3447 1340 3493 arces.

365 3541 443 3610 Non
461 3542 577 3630 armis,
599 3567 668 3611 non
686 3544 848 3639 sanguine
865 3569 950 3639 opus
971 3570 979 3611 ε
998 3542 1081 3637 quid
1099 3542 1217 3612 inutile
1236 3543 1356 3614 ferrum

364 3661 564 3756 stringimus
582 3664 617 3731 in
632 3663 790 3733 Thebas?
807 3689 926 3734 currus
945 3665 1068 3735 humus
1085 3667 1187 3759 impia
1205 3667 1331 3750 sorbet,

343 3825 344 3828 =
363 3786 546 3878 Armaque,
563 3783 791 3879 bellantesque
812 3787 900 3855 viros
916 3810 925 3854 :
941 3785 1056 3882 fugere
1075 3812 1151 3856 ecce
1170 3786 1301 3856 videtur

361 3904 427 3972 Hic
445 3906 564 3994 etiam,
584 3932 652 4001 quo
668 3922 812 3996 stamus,
833 3933 912 4004 ager
930 3934 938 3976 ε
957 3907 1027 3976 vidi
1044 3909 1114 4003 ipse
1133 3906 1305 4004 profunda

362 4023 476 4096 Noctis
496 4029 569 4120 iter,
589 4045 753 4124 ruptaque
775 4029 836 4100 soli
855 4053 1015 4124 compage
1036 4044 1205 4114 ruentem,
1241 4097 1247 4111 ,
