<?xml version="1.0" encoding="UTF-8"?>
<!DOCTYPE html PUBLIC "-//W3C//DTD XHTML 1.0 Transitional//EN"
    "http://www.w3.org/TR/xhtml1/DTD/xhtml1-transitional.dtd">
<html xmlns="http://www.w3.org/1999/xhtml" xml:lang="en" lang="en">
 <head>
  <title>
</title>
<meta http-equiv="Content-Type" content="text/html;charset=utf-8" />
  <meta name='ocr-system' content='tesseract 3.04.00' />
  <meta name='ocr-capabilities' content='ocr_page ocr_carea ocr_par ocr_line ocrx_word'/>
</head>
<body>
  <div class='ocr_page' id='page_1' title='image "./operaquaeextant01dbgoog_0253.png"; bbox 0 0 2934 4950; ppageno 0'>
   <div class='ocr_carea' id='block_1_1' title="bbox 338 427 1378 506">
    <p class='ocr_par' dir='ltr' id='par_1_1' title="bbox 338 427 1378 506">
     <span class='ocr_line' id='line_1_1' title="bbox 338 427 1378 506; baseline -0.009 -12"><span class='ocrx_word' id='word_1_1' title='bbox 338 437 394 506; x_wconf 71' lang='lat'>231.</span> <span class='ocrx_word' id='word_1_2' title='bbox 643 427 858 492; x_wconf 69' lang='lat' dir='ltr'>Thalamos</span> <span class='ocrx_word' id='word_1_3' title='bbox 877 433 988 490; x_wconf 80' lang='lat' dir='ltr'>Ltuttlt</span> <span class='ocrx_word' id='word_1_4' title='bbox 1010 432 1065 488; x_wconf 88' lang='lat'>111.</span> <span class='ocrx_word' id='word_1_5' title='bbox 1272 429 1306 488; x_wconf 67' lang='lat' dir='ltr'>tv·</span> <span class='ocrx_word' id='word_1_6' title='bbox 1319 429 1378 485; x_wconf 69' lang='lat' dir='ltr'>aas&gt;</span> 
     </span>
    </p>
   </div>
   <div class='ocr_carea' id='block_1_2' title="bbox 270 555 1338 4185">
    <p class='ocr_par' dir='ltr' id='par_1_2' title="bbox 330 555 1337 1020">
     <span class='ocr_line' id='line_1_2' title="bbox 330 555 1272 659; baseline -0.015 -23"><span class='ocrx_word' id='word_1_7' title='bbox 330 563 449 659; x_wconf 32' lang='lat' dir='ltr'>‚Multa</span> <span class='ocrx_word' id='word_1_8' title='bbox 466 585 567 658; x_wconf 87' lang='lat' dir='ltr'>super</span> <span class='ocrx_word' id='word_1_9' title='bbox 582 559 672 633; x_wconf 92' lang='lat' dir='ltr'>bello</span> <span class='ocrx_word' id='word_1_10' title='bbox 691 561 893 656; x_wconf 76' lang='lat' dir='ltr'>generisque</span> <span class='ocrx_word' id='word_1_11' title='bbox 910 555 1118 631; x_wconf 83' lang='lat' dir='ltr'>tumentibus</span> <span class='ocrx_word' id='word_1_12' title='bbox 1135 579 1272 640; x_wconf 89' lang='lat' dir='ltr'>amens,</span> 
     </span>
     <span class='ocr_line' id='line_1_3' title="bbox 339 679 1210 779; baseline -0.011 -23"><span class='ocrx_word' id='word_1_13' title='bbox 339 689 560 779; x_wconf 88' lang='lat' dir='ltr'>lneertusque</span> <span class='ocrx_word' id='word_1_14' title='bbox 577 683 699 771; x_wconf 83' lang='lat' dir='ltr'>animi,</span> <span class='ocrx_word' id='word_1_15' title='bbox 716 681 813 752; x_wconf 86' lang='lat' dir='ltr'>daret</span> <span class='ocrx_word' id='word_1_16' title='bbox 827 682 928 752; x_wconf 85' lang='lat' dir='ltr'>armis</span> <span class='ocrx_word' id='word_1_17' title='bbox 943 683 1038 775; x_wconf 87' lang='lat' dir='ltr'>jura,</span> <span class='ocrx_word' id='word_1_18' title='bbox 1057 679 1210 772; x_wconf 82' lang='lat' dir='ltr'>ferosque</span> 
     </span>
     <span class='ocr_line' id='line_1_4' title="bbox 340 801 1207 892; baseline -0.014 -13"><span class='ocrx_word' id='word_1_19' title='bbox 340 805 508 879; x_wconf 76' lang='lat' dir='ltr'>Gentibus</span> <span class='ocrx_word' id='word_1_20' title='bbox 526 805 695 874; x_wconf 78' lang='lat' dir='ltr'>incuteret</span> <span class='ocrx_word' id='word_1_21' title='bbox 713 801 881 892; x_wconf 89' lang='lat' dir='ltr'>stimulos,</span> <span class='ocrx_word' id='word_1_22' title='bbox 902 811 947 873; x_wconf 86' lang='lat' dir='ltr'>a&#39;n</span> <span class='ocrx_word' id='word_1_23' title='bbox 965 801 1060 886; x_wconf 77' lang='lat' dir='ltr'>hena</span> <span class='ocrx_word' id='word_1_24' title='bbox 1076 813 1207 870; x_wconf 87' lang='lat' dir='ltr'>teneret</span> 
     </span>
     <span class='ocr_line' id='line_1_5' title="bbox 339 923 1181 1020; baseline -0.011 -21"><span class='ocrx_word' id='word_1_25' title='bbox 339 933 491 1019; x_wconf 90' lang='lat' dir='ltr'>Irarum,</span> <span class='ocrx_word' id='word_1_26' title='bbox 509 940 544 996; x_wconf 87' lang='lat' dir='ltr'>et</span> <span class='ocrx_word' id='word_1_27' title='bbox 561 940 671 996; x_wconf 88' lang='lat' dir='ltr'>motos</span> <span class='ocrx_word' id='word_1_28' title='bbox 691 923 819 1019; x_wconf 86' lang='lat' dir='ltr'>capulis</span> <span class='ocrx_word' id='word_1_29' title='bbox 835 924 1059 1020; x_wconf 76' lang='lat' dir='ltr'>adstringeret</span> <span class='ocrx_word' id='word_1_30' title='bbox 1076 945 1181 992; x_wconf 84' lang='lat' dir='ltr'>enses.</span> 
     </span>
    </p>

    <p class='ocr_par' dir='ltr' id='par_1_3' title="bbox 340 1041 1269 1386">
     <span class='ocr_line' id='line_1_6' title="bbox 340 1041 1269 1145; baseline -0.012 -24"><span class='ocrx_word' id='word_1_31' title='bbox 340 1053 428 1123; x_wconf 84' lang='lat' dir='ltr'>ilinc</span> <span class='ocrx_word' id='word_1_32' title='bbox 447 1051 538 1145; x_wconf 89' lang='lat' dir='ltr'>pacis</span> <span class='ocrx_word' id='word_1_33' title='bbox 557 1045 740 1142; x_wconf 88' lang='lat' dir='ltr'>tranquilla</span> <span class='ocrx_word' id='word_1_34' title='bbox 755 1061 916 1135; x_wconf 75' lang='lat' dir='ltr'>movent,</span> <span class='ocrx_word' id='word_1_35' title='bbox 935 1060 1036 1139; x_wconf 87' lang='lat' dir='ltr'>atque</span> <span class='ocrx_word' id='word_1_36' title='bbox 1052 1043 1131 1114; x_wconf 86' lang='lat' dir='ltr'>inde</span> <span class='ocrx_word' id='word_1_37' title='bbox 1147 1041 1269 1137; x_wconf 87' lang='lat' dir='ltr'>pudori</span> 
     </span>
     <span class='ocr_line' id='line_1_7' title="bbox 340 1165 1188 1264; baseline -0.009 -23"><span class='ocrx_word' id='word_1_38' title='bbox 340 1171 440 1241; x_wconf 88' lang='lat' dir='ltr'>Foeda</span> <span class='ocrx_word' id='word_1_39' title='bbox 461 1170 572 1263; x_wconf 90' lang='lat' dir='ltr'>quies,</span> <span class='ocrx_word' id='word_1_40' title='bbox 589 1168 748 1264; x_wconf 89' lang='lat' dir='ltr'>flectique</span> <span class='ocrx_word' id='word_1_41' title='bbox 764 1191 852 1240; x_wconf 85' lang='lat' dir='ltr'>nova</span> <span class='ocrx_word' id='word_1_42' title='bbox 870 1165 1046 1238; x_wconf 86' lang='lat' dir='ltr'>dulcedine</span> <span class='ocrx_word' id='word_1_43' title='bbox 1067 1189 1188 1261; x_wconf 80' lang='lat' dir='ltr'>pugnae</span> 
     </span>
     <span class='ocr_line' id='line_1_8' title="bbox 340 1286 1130 1386; baseline -0.008 -24"><span class='ocrx_word' id='word_1_44' title='bbox 340 1289 503 1362; x_wconf 86' lang='lat' dir='ltr'>Difficiles</span> <span class='ocrx_word' id='word_1_45' title='bbox 524 1287 642 1386; x_wconf 89' lang='lat' dir='ltr'>populi</span> <span class='ocrx_word' id='word_1_46' title='bbox 659 1317 668 1360; x_wconf 70' lang='grc' dir='ltr'><strong>ε</strong></span> <span class='ocrx_word' id='word_1_47' title='bbox 686 1291 790 1360; x_wconf 89' lang='lat' dir='ltr'>dubio</span> <span class='ocrx_word' id='word_1_48' title='bbox 806 1288 975 1360; x_wconf 87' lang='lat' dir='ltr'>sententia</span> <span class='ocrx_word' id='word_1_49' title='bbox 991 1286 1130 1358; x_wconf 86' lang='lat' dir='ltr'>tandem</span> 
     </span>
    </p>

    <p class='ocr_par' dir='ltr' id='par_1_4' title="bbox 278 1407 1181 1508">
     <span class='ocr_line' id='line_1_9' title="bbox 278 1407 1181 1508; baseline -0.009 -26"><span class='ocrx_word' id='word_1_50' title='bbox 278 1408 282 1426; x_wconf 87' lang='lat'>&#39;</span> <span class='ocrx_word' id='word_1_51' title='bbox 341 1416 422 1482; x_wconf 87' lang='lat' dir='ltr'>Sera</span> <span class='ocrx_word' id='word_1_52' title='bbox 441 1410 570 1508; x_wconf 84' lang='lat' dir='ltr'>placet,</span> <span class='ocrx_word' id='word_1_53' title='bbox 591 1427 710 1483; x_wconf 81' lang='lat' dir='ltr'>uatum</span> <span class='ocrx_word' id='word_1_54' title='bbox 728 1427 875 1500; x_wconf 86' lang='lat' dir='ltr'>mentes,</span> <span class='ocrx_word' id='word_1_55' title='bbox 894 1433 934 1482; x_wconf 89' lang='lat' dir='ltr'>ac</span> <span class='ocrx_word' id='word_1_56' title='bbox 952 1407 1093 1505; x_wconf 86' lang='lat' dir='ltr'>provida</span> <span class='ocrx_word' id='word_1_57' title='bbox 1110 1407 1181 1478; x_wconf 84' lang='lat' dir='ltr'>veri</span> 
     </span>
    </p>

    <p class='ocr_par' dir='ltr' id='par_1_5' title="bbox 284 1529 1318 2114">
     <span class='ocr_line' id='line_1_10' title="bbox 284 1529 1196 1632; baseline -0.01 -28"><span class='ocrx_word' id='word_1_58' title='bbox 284 1547 289 1564; x_wconf 84' lang='lat'>&#39;</span> <span class='ocrx_word' id='word_1_59' title='bbox 342 1536 443 1603; x_wconf 90' lang='lat' dir='ltr'>Sacra</span> <span class='ocrx_word' id='word_1_60' title='bbox 459 1557 594 1604; x_wconf 84' lang='lat' dir='ltr'>movere</span> <span class='ocrx_word' id='word_1_61' title='bbox 614 1537 737 1604; x_wconf 89' lang='lat' dir='ltr'>Deum.</span> <span class='ocrx_word' id='word_1_62' title='bbox 760 1532 877 1603; x_wconf 87' lang='lat' dir='ltr'>Soleus</span> <span class='ocrx_word' id='word_1_63' title='bbox 894 1531 956 1602; x_wconf 93' lang='lat' dir='ltr'>tibi</span> <span class='ocrx_word' id='word_1_64' title='bbox 973 1555 1053 1632; x_wconf 87' lang='lat' dir='ltr'>cura</span> <span class='ocrx_word' id='word_1_65' title='bbox 1071 1529 1196 1614; x_wconf 84' lang='lat' dir='ltr'>firturi,</span> 
     </span>
     <span class='ocr_line' id='line_1_11' title="bbox 342 1654 1261 1752; baseline -0.013 -23"><span class='ocrx_word' id='word_1_66' title='bbox 342 1657 562 1752; x_wconf 70' lang='lat' dir='ltr'>Amphiarae,</span> <span class='ocrx_word' id='word_1_67' title='bbox 578 1656 694 1744; x_wconf 87' lang='lat' dir='ltr'>datur,</span> <span class='ocrx_word' id='word_1_68' title='bbox 710 1656 877 1750; x_wconf 87' lang='lat' dir='ltr'>juxtaque</span> <span class='ocrx_word' id='word_1_69' title='bbox 891 1654 1104 1748; x_wconf 76' lang='lat' dir='ltr'>Amythaone</span> <span class='ocrx_word' id='word_1_70' title='bbox 1121 1662 1261 1733; x_wconf 86' lang='lat' dir='ltr'>cretus,</span> 
     </span>
     <span class='ocr_line' id='line_1_12' title="bbox 343 1769 1318 1867; baseline -0.012 -19"><span class='ocrx_word' id='word_1_71' title='bbox 343 1782 417 1848; x_wconf 86' lang='lat' dir='ltr'>Jam</span> <span class='ocrx_word' id='word_1_72' title='bbox 436 1780 565 1867; x_wconf 88' lang='lat' dir='ltr'>senior,</span> <span class='ocrx_word' id='word_1_73' title='bbox 579 1777 638 1847; x_wconf 91' lang='lat' dir='ltr'>sed</span> <span class='ocrx_word' id='word_1_74' title='bbox 656 1791 770 1846; x_wconf 90' lang='lat' dir='ltr'>mente</span> <span class='ocrx_word' id='word_1_75' title='bbox 788 1777 897 1846; x_wconf 88' lang='lat' dir='ltr'>virens</span> <span class='ocrx_word' id='word_1_76' title='bbox 916 1774 1109 1867; x_wconf 68' lang='lat' dir='ltr'>Phoeboque</span> <span class='ocrx_word' id='word_1_77' title='bbox 1126 1769 1318 1862; x_wconf 81' lang='lat' dir='ltr'>Melampus</span> 
     </span>
     <span class='ocr_line' id='line_1_13' title="bbox 345 1892 1306 1994; baseline -0.008 -26"><span class='ocrx_word' id='word_1_78' title='bbox 345 1901 500 1970; x_wconf 88' lang='lat' dir='ltr'>Associat</span> <span class='ocrx_word' id='word_1_79' title='bbox 516 1924 631 1994; x_wconf 88' lang='lat' dir='ltr'>passus</span> <span class='ocrx_word' id='word_1_80' title='bbox 651 1925 659 1966; x_wconf 76' lang='grc' dir='ltr'><strong>ε</strong></span> <span class='ocrx_word' id='word_1_81' title='bbox 677 1898 819 1968; x_wconf 88' lang='lat' dir='ltr'>dubium</span> <span class='ocrx_word' id='word_1_82' title='bbox 835 1899 891 1968; x_wconf 91' lang='lat' dir='ltr'>cui</span> <span class='ocrx_word' id='word_1_83' title='bbox 908 1896 1026 1966; x_wconf 76' lang='lat' dir='ltr'>denter</span> <span class='ocrx_word' id='word_1_84' title='bbox 1043 1892 1184 1990; x_wconf 82' lang='lat' dir='ltr'><strong>Apollo,</strong></span> <span class='ocrx_word' id='word_1_85' title='bbox 1303 1907 1306 1914; x_wconf 81' lang='grc'>’</span> 
     </span>
     <span class='ocr_line' id='line_1_14' title="bbox 347 2015 1068 2114; baseline -0.008 -22"><span class='ocrx_word' id='word_1_86' title='bbox 347 2024 483 2114; x_wconf 86' lang='lat' dir='ltr'>Oraque</span> <span class='ocrx_word' id='word_1_87' title='bbox 499 2020 657 2114; x_wconf 73' lang='lat' dir='ltr'>Cyn-rhea</span> <span class='ocrx_word' id='word_1_88' title='bbox 675 2019 806 2089; x_wconf 85' lang='lat' dir='ltr'>satiarit</span> <span class='ocrx_word' id='word_1_89' title='bbox 826 2016 950 2112; x_wconf 85' lang='lat' dir='ltr'>largius</span> <span class='ocrx_word' id='word_1_90' title='bbox 969 2015 1068 2088; x_wconf 87' lang='lat' dir='ltr'>unda.</span> 
     </span>
    </p>

    <p class='ocr_par' dir='ltr' id='par_1_6' title="bbox 344 2138 1264 2481">
     <span class='ocr_line' id='line_1_15' title="bbox 344 2138 1240 2237; baseline -0.009 -25"><span class='ocrx_word' id='word_1_91' title='bbox 344 2142 514 2237; x_wconf 89' lang='lat' dir='ltr'>Principio</span> <span class='ocrx_word' id='word_1_92' title='bbox 532 2141 624 2210; x_wconf 88' lang='lat' dir='ltr'>fibris</span> <span class='ocrx_word' id='word_1_93' title='bbox 641 2139 878 2236; x_wconf 82' lang='lat' dir='ltr'>pecudumque</span> <span class='ocrx_word' id='word_1_94' title='bbox 896 2140 931 2208; x_wconf 92' lang='lat' dir='ltr'>in</span> <span class='ocrx_word' id='word_1_95' title='bbox 953 2163 1117 2234; x_wconf 76' lang='lat' dir='ltr'>sanguine</span> <span class='ocrx_word' id='word_1_96' title='bbox 1134 2138 1240 2208; x_wconf 84' lang='lat' dir='ltr'>Divos</span> 
     </span>
     <span class='ocr_line' id='line_1_16' title="bbox 345 2258 1264 2358; baseline -0.007 -24"><span class='ocrx_word' id='word_1_97' title='bbox 345 2262 531 2358; x_wconf 83' lang='lat' dir='ltr'>Explorant</span> <span class='ocrx_word' id='word_1_98' title='bbox 548 2288 556 2332; x_wconf 77' lang='grc' dir='ltr'><strong>ε</strong></span> <span class='ocrx_word' id='word_1_99' title='bbox 577 2263 646 2356; x_wconf 86' lang='lat' dir='ltr'>jam</span> <span class='ocrx_word' id='word_1_100' title='bbox 661 2258 736 2332; x_wconf 83' lang='lat' dir='ltr'>tum</span> <span class='ocrx_word' id='word_1_101' title='bbox 753 2260 882 2357; x_wconf 90' lang='lat' dir='ltr'>pavidis</span> <span class='ocrx_word' id='word_1_102' title='bbox 898 2259 1070 2332; x_wconf 87' lang='lat' dir='ltr'>maculosa</span> <span class='ocrx_word' id='word_1_103' title='bbox 1088 2259 1264 2331; x_wconf 88' lang='lat' dir='ltr'>bidentum</span> 
     </span>
     <span class='ocr_line' id='line_1_17' title="bbox 348 2383 1204 2481; baseline -0.007 -27"><span class='ocrx_word' id='word_1_104' title='bbox 348 2385 459 2454; x_wconf 87' lang='lat' dir='ltr'>Corda</span> <span class='ocrx_word' id='word_1_105' title='bbox 470 2397 616 2481; x_wconf 88' lang='lat' dir='ltr'>negant,</span> <span class='ocrx_word' id='word_1_106' title='bbox 633 2384 774 2479; x_wconf 88' lang='lat' dir='ltr'>diraque</span> <span class='ocrx_word' id='word_1_107' title='bbox 791 2384 884 2454; x_wconf 84' lang='lat' dir='ltr'>nefas</span> <span class='ocrx_word' id='word_1_108' title='bbox 902 2383 1091 2452; x_wconf 73' lang='lat' dir='ltr'>minitantia</span> <span class='ocrx_word' id='word_1_109' title='bbox 1108 2403 1204 2450; x_wconf 88' lang='lat' dir='ltr'>vena.</span> 
     </span>
    </p>

    <p class='ocr_par' dir='ltr' id='par_1_7' title="bbox 345 2500 1222 2602">
     <span class='ocr_line' id='line_1_18' title="bbox 345 2500 1222 2602; baseline -0.006 -26"><span class='ocrx_word' id='word_1_110' title='bbox 345 2510 399 2576; x_wconf 88' lang='lat' dir='ltr'>Ire</span> <span class='ocrx_word' id='word_1_111' title='bbox 416 2522 544 2596; x_wconf 90' lang='lat' dir='ltr'>tamen,</span> <span class='ocrx_word' id='word_1_112' title='bbox 563 2532 738 2602; x_wconf 77' lang='lat' dir='ltr'>vacuoque</span> <span class='ocrx_word' id='word_1_113' title='bbox 759 2506 851 2578; x_wconf 83' lang='lat' dir='ltr'>sedet</span> <span class='ocrx_word' id='word_1_114' title='bbox 866 2521 981 2602; x_wconf 88' lang='lat' dir='ltr'>petere</span> <span class='ocrx_word' id='word_1_115' title='bbox 998 2506 1112 2575; x_wconf 91' lang='lat' dir='ltr'>omina</span> <span class='ocrx_word' id='word_1_116' title='bbox 1128 2500 1222 2575; x_wconf 90' lang='lat' dir='ltr'>ooelo.</span> 
     </span>
    </p>

    <p class='ocr_par' dir='ltr' id='par_1_8' title="bbox 270 2623 1338 3213">
     <span class='ocr_line' id='line_1_19' title="bbox 395 2623 1230 2710; baseline -0.008 -11"><span class='ocrx_word' id='word_1_117' title='bbox 395 2632 495 2699; x_wconf 90' lang='lat' dir='ltr'>Mons</span> <span class='ocrx_word' id='word_1_118' title='bbox 515 2644 589 2699; x_wconf 88' lang='lat' dir='ltr'>erat</span> <span class='ocrx_word' id='word_1_119' title='bbox 605 2628 726 2700; x_wconf 85' lang='lat' dir='ltr'>audaci</span> <span class='ocrx_word' id='word_1_120' title='bbox 745 2628 902 2699; x_wconf 91' lang='lat' dir='ltr'>seductus</span> <span class='ocrx_word' id='word_1_121' title='bbox 920 2630 953 2697; x_wconf 93' lang='lat' dir='ltr'>in</span> <span class='ocrx_word' id='word_1_122' title='bbox 972 2628 1096 2697; x_wconf 77' lang='lat' dir='ltr'>aethera</span> <span class='ocrx_word' id='word_1_123' title='bbox 1115 2623 1230 2710; x_wconf 89' lang='lat' dir='ltr'>dorso,</span> 
     </span>
     <span class='ocr_line' id='line_1_20' title="bbox 346 2746 1338 2844; baseline -0.008 -22"><span class='ocrx_word' id='word_1_124' title='bbox 346 2752 493 2822; x_wconf 86' lang='lat' dir='ltr'>Nomine</span> <span class='ocrx_word' id='word_1_125' title='bbox 513 2753 644 2821; x_wconf 72' lang='lat' dir='ltr'>lernaei</span> <span class='ocrx_word' id='word_1_126' title='bbox 662 2764 853 2821; x_wconf 90' lang='lat' dir='ltr'>memorant</span> <span class='ocrx_word' id='word_1_127' title='bbox 869 2750 1062 2844; x_wconf 83' lang='lat' dir='ltr'>Aphesanta</span> <span class='ocrx_word' id='word_1_128' title='bbox 1078 2746 1211 2835; x_wconf 91' lang='lat' dir='ltr'>coloni,</span> <span class='ocrx_word' id='word_1_129' title='bbox 1330 2806 1338 2815; x_wconf 93' lang='lat'>.</span> 
     </span>
     <span class='ocr_line' id='line_1_21' title="bbox 345 2861 1203 2969; baseline -0.007 -26"><span class='ocrx_word' id='word_1_130' title='bbox 345 2861 513 2943; x_wconf 87' lang='lat' dir='ltr'>Gentibus</span> <span class='ocrx_word' id='word_1_131' title='bbox 528 2872 692 2969; x_wconf 79' lang='lat' dir='ltr'>Argolicis</span> <span class='ocrx_word' id='word_1_132' title='bbox 711 2870 792 2942; x_wconf 93' lang='lat' dir='ltr'>olim</span> <span class='ocrx_word' id='word_1_133' title='bbox 813 2897 931 2946; x_wconf 81' lang='lat' dir='ltr'>sacer:</span> <span class='ocrx_word' id='word_1_134' title='bbox 952 2871 1031 2943; x_wconf 90' lang='lat' dir='ltr'>iude</span> <span class='ocrx_word' id='word_1_135' title='bbox 1050 2869 1203 2941; x_wconf 85' lang='lat' dir='ltr'>serebant</span> 
     </span>
     <span class='ocr_line' id='line_1_22' title="bbox 346 2990 1163 3090; baseline -0.005 -25"><span class='ocrx_word' id='word_1_136' title='bbox 346 2992 488 3083; x_wconf 89' lang='lat' dir='ltr'>Nubila,</span> <span class='ocrx_word' id='word_1_137' title='bbox 505 3018 668 3090; x_wconf 83' lang='lat' dir='ltr'>suspenso</span> <span class='ocrx_word' id='word_1_138' title='bbox 688 2991 834 3063; x_wconf 89' lang='lat' dir='ltr'>celerem</span> <span class='ocrx_word' id='word_1_139' title='bbox 851 3008 1029 3063; x_wconf 80' lang='lat' dir='ltr'>temerasse</span> <span class='ocrx_word' id='word_1_140' title='bbox 1047 2990 1163 3063; x_wconf 82' lang='lat' dir='ltr'>volatu</span> 
     </span>
     <span class='ocr_line' id='line_1_23' title="bbox 270 3103 1177 3213; baseline -0.002 -28"><span class='ocrx_word' id='word_1_141' title='bbox 270 3103 273 3109; x_wconf 39' lang='lat'><strong>¹</strong></span> <span class='ocrx_word' id='word_1_142' title='bbox 346 3118 482 3205; x_wconf 86' lang='lat' dir='ltr'>Persea,</span> <span class='ocrx_word' id='word_1_143' title='bbox 502 3142 608 3212; x_wconf 90' lang='lat' dir='ltr'>quum</span> <span class='ocrx_word' id='word_1_144' title='bbox 627 3117 854 3213; x_wconf 81' lang='lat' dir='ltr'>raptospueri</span> <span class='ocrx_word' id='word_1_145' title='bbox 875 3116 1050 3211; x_wconf 91' lang='lat' dir='ltr'>perterrita</span> <span class='ocrx_word' id='word_1_146' title='bbox 1070 3130 1177 3185; x_wconf 84' lang='lat' dir='ltr'>mater</span> 
     </span>
    </p>

    <p class='ocr_par' dir='ltr' id='par_1_9' title="bbox 290 3235 1222 3335">
     <span class='ocr_line' id='line_1_24' title="bbox 290 3235 1222 3335; baseline 0 -30"><span class='ocrx_word' id='word_1_147' title='bbox 290 3299 293 3304; x_wconf 90' lang='lat'><em>.</em></span> <span class='ocrx_word' id='word_1_148' title='bbox 346 3240 521 3332; x_wconf 83' lang='lat' dir='ltr'>Prospexit</span> <span class='ocrx_word' id='word_1_149' title='bbox 535 3238 578 3309; x_wconf 89' lang='lat' dir='ltr'>de</span> <span class='ocrx_word' id='word_1_150' title='bbox 597 3263 682 3334; x_wconf 90' lang='lat' dir='ltr'>rupe</span> <span class='ocrx_word' id='word_1_151' title='bbox 701 3235 841 3335; x_wconf 89' lang='lat' dir='ltr'>gradus,</span> <span class='ocrx_word' id='word_1_152' title='bbox 861 3264 899 3309; x_wconf 89' lang='lat' dir='ltr'>ac</span> <span class='ocrx_word' id='word_1_153' title='bbox 917 3263 1012 3334; x_wconf 78' lang='lat' dir='ltr'>paene</span> <span class='ocrx_word' id='word_1_154' title='bbox 1027 3252 1141 3313; x_wconf 89' lang='lat' dir='ltr'>secuta</span> <span class='ocrx_word' id='word_1_155' title='bbox 1162 3250 1222 3306; x_wconf 90' lang='lat' dir='ltr'>est.</span> 
     </span>
    </p>

    <p class='ocr_par' dir='ltr' id='par_1_10' title="bbox 345 3358 1229 3818">
     <span class='ocr_line' id='line_1_25' title="bbox 393 3358 1177 3456; baseline 0 -27"><span class='ocrx_word' id='word_1_156' title='bbox 393 3363 469 3430; x_wconf 85' lang='lat' dir='ltr'>Huc</span> <span class='ocrx_word' id='word_1_157' title='bbox 487 3362 612 3456; x_wconf 84' lang='lat' dir='ltr'>gemini</span> <span class='ocrx_word' id='word_1_158' title='bbox 631 3377 725 3431; x_wconf 85' lang='lat' dir='ltr'>vates</span> <span class='ocrx_word' id='word_1_159' title='bbox 743 3376 892 3433; x_wconf 87' lang='lat' dir='ltr'>sanctam</span> <span class='ocrx_word' id='word_1_160' title='bbox 911 3361 1062 3431; x_wconf 87' lang='lat' dir='ltr'>canentis</span> <span class='ocrx_word' id='word_1_161' title='bbox 1081 3358 1177 3429; x_wconf 80' lang='lat' dir='ltr'>olirae</span> 
     </span>
     <span class='ocr_line' id='line_1_26' title="bbox 345 3481 1229 3575; baseline 0 -26"><span class='ocrx_word' id='word_1_162' title='bbox 345 3481 481 3550; x_wconf 85' lang='lat' dir='ltr'>Fronde</span> <span class='ocrx_word' id='word_1_163' title='bbox 497 3506 644 3571; x_wconf 87' lang='lat' dir='ltr'>comam,</span> <span class='ocrx_word' id='word_1_164' title='bbox 660 3497 695 3551; x_wconf 91' lang='lat' dir='ltr'>et</span> <span class='ocrx_word' id='word_1_165' title='bbox 710 3483 816 3551; x_wconf 89' lang='lat' dir='ltr'>niveis</span> <span class='ocrx_word' id='word_1_166' title='bbox 834 3484 945 3551; x_wconf 91' lang='lat' dir='ltr'>ornati</span> <span class='ocrx_word' id='word_1_167' title='bbox 964 3496 1120 3575; x_wconf 90' lang='lat' dir='ltr'>tempora</span> <span class='ocrx_word' id='word_1_168' title='bbox 1136 3482 1229 3550; x_wconf 89' lang='lat' dir='ltr'>vittis</span> 
     </span>
     <span class='ocr_line' id='line_1_27' title="bbox 347 3601 1191 3698; baseline 0.001 -28"><span class='ocrx_word' id='word_1_169' title='bbox 347 3601 505 3671; x_wconf 85' lang='lat' dir='ltr'>Evadunt</span> <span class='ocrx_word' id='word_1_170' title='bbox 524 3604 674 3698; x_wconf 88' lang='lat' dir='ltr'>pariter:</span> <span class='ocrx_word' id='word_1_171' title='bbox 692 3601 844 3673; x_wconf 90' lang='lat' dir='ltr'>madidos</span> <span class='ocrx_word' id='word_1_172' title='bbox 865 3602 923 3673; x_wconf 91' lang='lat' dir='ltr'>ubi</span> <span class='ocrx_word' id='word_1_173' title='bbox 946 3601 1077 3673; x_wconf 89' lang='lat' dir='ltr'>lucidus</span> <span class='ocrx_word' id='word_1_174' title='bbox 1093 3626 1191 3697; x_wconf 90' lang='lat' dir='ltr'>agros</span> 
     </span>
     <span class='ocr_line' id='line_1_28' title="bbox 348 3721 1070 3818; baseline -0.003 -25"><span class='ocrx_word' id='word_1_175' title='bbox 348 3726 454 3793; x_wconf 81' lang='lat' dir='ltr'>Ortus</span> <span class='ocrx_word' id='word_1_176' title='bbox 473 3738 508 3792; x_wconf 91' lang='lat' dir='ltr'>et</span> <span class='ocrx_word' id='word_1_177' title='bbox 527 3723 679 3818; x_wconf 89' lang='lat' dir='ltr'>algentes</span> <span class='ocrx_word' id='word_1_178' title='bbox 696 3722 819 3793; x_wconf 84' lang='lat' dir='ltr'>laxavit</span> <span class='ocrx_word' id='word_1_179' title='bbox 835 3721 905 3794; x_wconf 89' lang='lat' dir='ltr'>sole</span> <span class='ocrx_word' id='word_1_180' title='bbox 921 3724 1070 3818; x_wconf 88' lang='lat' dir='ltr'>pruinas.</span> 
     </span>
    </p>

    <p class='ocr_par' dir='ltr' id='par_1_11' title="bbox 346 3844 1225 3941">
     <span class='ocr_line' id='line_1_29' title="bbox 346 3844 1225 3941; baseline -0.003 -25"><span class='ocrx_word' id='word_1_181' title='bbox 346 3848 395 3916; x_wconf 90' lang='lat' dir='ltr'>Ac</span> <span class='ocrx_word' id='word_1_182' title='bbox 416 3847 511 3941; x_wconf 91' lang='lat' dir='ltr'>prior</span> <span class='ocrx_word' id='word_1_183' title='bbox 527 3844 687 3917; x_wconf 87' lang='lat' dir='ltr'>OEclides</span> <span class='ocrx_word' id='word_1_184' title='bbox 705 3846 804 3917; x_wconf 87' lang='lat' dir='ltr'>solita</span> <span class='ocrx_word' id='word_1_185' title='bbox 822 3871 921 3941; x_wconf 87' lang='lat' dir='ltr'>prece</span> <span class='ocrx_word' id='word_1_186' title='bbox 942 3870 1067 3915; x_wconf 87' lang='lat' dir='ltr'>numen</span> <span class='ocrx_word' id='word_1_187' title='bbox 1084 3846 1225 3914; x_wconf 87' lang='lat' dir='ltr'>amicat:</span> 
     </span>
    </p>

    <p class='ocr_par' dir='ltr' id='par_1_12' title="bbox 397 3964 1268 4064">
     <span class='ocr_line' id='line_1_30' title="bbox 397 3964 1268 4064; baseline 0.002 -33"><span class='ocrx_word' id='word_1_188' title='bbox 397 3996 415 4031; x_wconf 75' lang='lat' dir='ltr'>a</span> <span class='ocrx_word' id='word_1_189' title='bbox 427 3970 582 4063; x_wconf 78' lang='lat' dir='ltr'>luppiter</span> <span class='ocrx_word' id='word_1_190' title='bbox 602 3970 832 4064; x_wconf 91' lang='lat' dir='ltr'>omnipotens,</span> <span class='ocrx_word' id='word_1_191' title='bbox 850 3994 928 4038; x_wconf 91' lang='lat' dir='ltr'>nam</span> <span class='ocrx_word' id='word_1_192' title='bbox 946 3983 979 4038; x_wconf 92' lang='lat' dir='ltr'>te</span> <span class='ocrx_word' id='word_1_193' title='bbox 996 3967 1188 4063; x_wconf 83' lang='lat' dir='ltr'>pernicibus</span> <span class='ocrx_word' id='word_1_194' title='bbox 1206 3964 1268 4034; x_wconf 88' lang='lat' dir='ltr'>alis</span> 
     </span>
    </p>

    <p class='ocr_par' dir='ltr' id='par_1_13' title="bbox 347 4086 1233 4185">
     <span class='ocr_line' id='line_1_31' title="bbox 347 4086 1233 4185; baseline -0.002 -27"><span class='ocrx_word' id='word_1_195' title='bbox 347 4088 481 4158; x_wconf 85' lang='lat' dir='ltr'>Addere</span> <span class='ocrx_word' id='word_1_196' title='bbox 500 4087 692 4181; x_wconf 87' lang='lat' dir='ltr'>consilium,</span> <span class='ocrx_word' id='word_1_197' title='bbox 712 4092 932 4185; x_wconf 87' lang='lat' dir='ltr'>volucresque</span> <span class='ocrx_word' id='word_1_198' title='bbox 949 4087 1090 4185; x_wconf 90' lang='lat' dir='ltr'>implere</span> <span class='ocrx_word' id='word_1_199' title='bbox 1109 4086 1233 4171; x_wconf 88' lang='lat' dir='ltr'>futuri,</span> 
     </span>
    </p>
   </div>
   <div class='ocr_carea' id='block_1_3' title="bbox 0 0 1484 4950">
    <p class='ocr_par' dir='ltr' id='par_1_14' title="bbox 0 0 1484 4950">
     <span class='ocr_line' id='line_1_32' title="bbox 0 0 1484 4950; baseline 0 0"><span class='ocrx_word' id='word_1_200' title='bbox 0 0 1484 4950; x_wconf 95' lang='lat' dir='ltr'> </span> 
     </span>
    </p>
   </div>
  </div>
 </body>
</html>
