2934 4950
85 433 120 494 (v.
133 433 209 494 ηε),
400 429 616 490 unanimos
639 429 750 489 mna
771 433 810 488 x.
1085 452 1140 510 ¹79

84 559 212 648 Arbor,
233 571 268 628 et
284 558 420 634 attoniti
438 582 578 630 currum
599 581 736 628 erexere
754 556 877 628 leones

134 683 286 752 Ventum
304 679 348 750 ad
367 677 502 766 aoncilii
519 677 707 774 penetrale,
728 680 937 776 domumque·
948 681 1127 753 verendam

84 803 286 899 Signorum‚
302 803 433 898 magnis
452 801 511 874 nbi
528 800 658 873 dudum
678 801 831 874 cladibus
847 827 949 898 aeger,

84 917 213 1002 Rerum
233 920 382 998 extrema
400 945 556 1012 movens,
576 923 702 996 frustm
722 923 890 995 consultat
907 923 1082 996 Adrastus.

83 1051 181 1117 Stant
196 1047 324 1118 circum
339 1047 442 1118 subiti
458 1069 629 1143 proceres,
650 1061 688 1116 ut
708 1047 850 1142 quisque
865 1061 1016 1141 peremto

82 1168 277 1259 Proximus,
294 1183 328 1240 et
348 1169 479 1266 magnis
497 1165 572 1240 loca
589 1166 739 1240 desolata
754 1184 893 1239 tuentur
1019 1203 1023 1212 ·

82 1292 247 1388 Regibus,
265 1291 458 1378 haudlaefi,
478 1316 581 1388 seque
598 1291 665 1362 huo
684 1293 831 1362 crevisse
851 1289 1011 1362 dolentes.

81 1415 161 1486 Non
181 1439 278 1484 secus
292 1415 415 1488 amisso
431 1414 582 1486 medium
601 1438 706 1508 quum
724 1412 1009 1510 praeside‘pnppis

81 1537 198 1632 Fregit
219 1536 302 1622 iter,
322 1535 412 1612 subit
431 1535 586 1606 adsidui
605 1535 837 1606 moderamina
855 1533 940 1606 clari

80 1659 151 1728 Aut
171 1653 314 1728 laterum
334 1672 464 1746 custos,
484 1671 544 1728 aut
559 1681 662 1753 quem
681 1679 785 1754 penes
803 1657 906 1728 obvia
921 1672 1027 1754 ponto

78 1783 187 1849 Prora
202 1777 267 1874 brit
284 1805 293 1848 ι
311 1794 424 1876 stupet
444 1782 516 1876 ipsa
534 1781 636 1870 ratis,
655 1779 816 1875 tardeque
835 1794 1023 1876 sequuntur

78 1905 204 1991 Arma,
223 1925 287 1974 nec
307 1901 437 1974 avadit
454 1901 594 1974 domino
611 1900 719 1974 tutela
736 1904 872 1974 minori.

79 2025 172 2118 Ergo
188 2021 299 2096 alaoer
319 2025 468 2121 trepidos
485 2026 533 2096 sie
550 2027 652 2122 erigit
669 2049 778 2122 augear
793 2026 942 2098 Achivos
962 2053 970 2096 ε

123 2149 280 2242 «Magna
298 2144 398 2218 deum
417 2146 594 2237 mndata,
609 2146 729 2235 duces,
741 2150 958 2246 monitusque
970 2149 1133 2221 verendos
1251 2208 1254 2212 .

78 2266 286 2338 Advehimus
304 2293 313 2338 ε
330 2293 399 2338 non
415 2268 467 2340 hae
482 2285 598 2340 nostro
615 2269 657 2340 de
676 2283 813 2363 pectore
830 2295 937 2341 voees.

78 2385 140 2458 Ille
160 2390 271 2478 canit,
290 2391 345 2470 eui
366 2415 419 2462 nae
437 2388 613 2479 famulari,
632 2405 666 2461 et
685 2416 817 2464 sumere
835 2395 935 2463 vittas

77 2512 203 2581 Vestra
219 2510 317 2601 fides,
335 2513 409 2608 ipso
429 2538 499 2587 non
518 2514 747 2605 discordante,
766 2515 909 2613 subegit

78 2634 157 2703 Nox
175 2632 331 2707 foeeunda
351 2660 513 2731 operum,
530 2636 747 2733 pulchrasque
765 2638 983 2711 adcommoda
1000 2639 1111 2710 baudi

77 2753 246 2825 Panditur
263 2758 405 2853 augurio
423 2760 548 2829 Divum
571 2786 579 2829 ι
600 2777 699 2831 vocat
718 2762 816 2832 obvia
836 2762 962 2851 virtus,

78 2880 122 2947 Et
135 2878 245 2973 poscit
261 2881 411 2952 Fortuna
432 2906 550 2969 manus
570 2909 578 2953 :
598 2898 710 2980 stupet
730 2886 852 2955 obruta
870 2908 987 2987 somno

78 2999 252 3069 Aonidum
268 2998 380 3098 legio:
399 3016 530 3098 ternpus
548 3028 638 3075 nuno
658 3004 779 3079 funera
794 3030 913 3103 regum

79 3118 227 3211 Ulcisei,
242 3122 471 3219 miserumque
491 3126 578 3197 diem
597 3153 605 3197 :
628 3128 736 3223 rapite
751 3152 865 3220 mma,
881 3152 1060 3223 morasque

78 3243 239 3340 Frangite
255 3258 431 3339 portarum
451 3274 461 3317 ε
481 3247 579 3321 sociis
598 3247 664 3320 boe
684 3250 827 3345 subdere
844 3250 1016 3338 flammas,

77 3367 154 3435 Hoo
172 3364 341 3438 tumulare
356 3393 435 3441 suos
453 3370 637 3466 sequidem
656 3371 721 3443 hoc
739 3387 774 3443 et
790 3376 902 3443 Marte
918 3373 1041 3443 diurno

78 3488 172 3557 Dum
188 3510 243 3561 res
261 3488 430 3578 infracta,
449 3490 657 3588 pulsique·in
675 3509 771 3590 terga
786 3494 954 3582 redimus,

78 3605 165 3705 (Per
182 3608 335 3706 tripodas
351 3611 448 3705 juro,
468 3628 503 3684 et
523 3616 611 3711 rapti
629 3638 718 3685 nova
736 3616 806 3686 fata
825 3615 1015 3713 magistri,)

79 3729 179 3821 Vidi,
198 3745 233 3801 et
251 3756 306 3801 me
326 3734 484 3807 volueres.
499 3737 626 3818 droum
647 3736 801 3834 plausere
818 3738 983 3809 secundae.

79 3850 146 3923 Sed
164 3864 256 3928 nuno
272 3862 363 3928 eerts
381 3856 464 3929 fides
482 3885 490 3930 ε
510 3858 613 3932 modo
630 3859 766 3931 mesub
785 3874 883 3931 nocte
899 3859 1008 3931 silenti

78 3974 174 4068 Ipse,
194 3975 266 4071 ipse
284 4000 460 4075 assurgens
478 3983 599 4053 iterum
618 3982 740 4055 tellure
760 3975 888 4075 soluta,

79 4094 198 4185 Qualis
217 4112 290 4169 erat
305 4098 414 4199 (solos
434 4102 596 4175 infecerat
616 4106 736 4176 umbra
751 4105 919 4205 jugales),

947 4254 998 4299 12.
