2934 4950
67 437 125 490 (m.)
393 425 587 484 SILVARUII
607 427 717 484 LIBER
738 429 760 483 1.

536 871 622 957 III.

171 1135 310 1202 VILLA
334 1133 584 1206 TIBURTINA
611 1137 776 1250 Mnnm
800 1137 989 1206 VOPISCI.

502 1477 662 1498 m*-

106 1754 276 1822 Cnmnn
293 1750 429 1820 facundi
442 1752 546 1821 Tibur
560 1751 697 1848 glaciale
712 1721 848 1848 Vopisci

67 1873 194 1966 Siquis,
212 1886 248 1940 et
262 1873 388 1940 inserto
404 1872 555 1967 geminos
569 1872 701 1942 Aniene
715 1879 866 1968 penates,

67 1995 125 2062 Aut
139 1995 251 2088 potuit
264 1993 361 2064 socie
377 1993 575 2061 commercia
590 2017 725 2062 noscere
740 1994 835 2088 ripae,

68 2115 302 2207 Certnntoeque
318 2111 379 2180 sibi
398 2109 573 2180 dominum
588 2109 764 2180 defendere
779 2110 895 2199 villas3

68 2230 156 2302 Illum
170 2257 234 2302 nec
249 2228 359 2300 calido
376 2227 511 2299 latravit
525 2231 631 2300 Sirius
646 2243 752 2320 astro,
902 2241 904 2250 '

69 2351 130 2420 Nec
145 2353 256 2446 gravis
271 2351 399 2445 aspexit
412 2353 554 2423 Nemees
569 2351 758 2420 frondentis
773 2349 928 2424 alumnus
944 2377 954 2420 ε

69 2469 146 2539 Talis
159 2471 268 2541 hiems
285 2474 394 2557 tectis,
411 2469 570 2568 frangunt
586 2474 633 2542 sic
650 2472 803 2568 improba
818 2469 921 2541 solem
937 2511 942 2520 .

70 2592 209 2686 Frigora,
226 2594 397 2687 Pisaeoque
413 2591 531 2662 domus
548 2617 616 2661 non
632 2606 747 2662 {estuat
762 2616 861 2659 anno.

110 2712 186 2781 Visa
203 2736 307 2781 manu
325 2726 440 2781 tenera
455 2725 578 2781 tectum
596 2712 763 2806 scripsisse
776 2709 957 2806 Voluptas;

70 2832 154 2901 Tunc
167 2834 285 2903 Venus
299 2830 413 2901 Idaliis
427 2833 524 2901 unxit
538 2832 668 2926 fastigia
682 2834 804 2919 succis,

71 2950 304 3047 Permulsitque
320 2952 442 3039 comis,
459 2949 686 3043 blandumque
703 2929 840 3044 reliquii
850 2951 1012 3020 honorem

70 3070 212 3157 Sedibus,
230 3084 263 3140 et
279 3068 430 3141 volucres
446 3072 552 3140 vetuit
567 3068 736 3139 discedere
751 3084 856 3138 natos.

112 3190 294 3287 Olongum
311 3190 528 3261 memoranda
543 3186 625 3259 dies!
644 3214 718 3284 quae
730 3204 842 3260 mente
858 3205 993 3285 reporto

72 3308 209 3379 Gaudia!
225 3336 328 3406 quam
343 3308 445 3379 lassos
459 3336 520 3405 per
537 3324 586 3380 tot
600 3308 762 3381 miracula
774 3306 881 3379 visus!

73 3431 236 3523 Ingenium
252 3456 354 3527 quem
370 3432 451 3500 mite
465 3426 550 3500 solo!
567 3455 640 3524 quae
654 3430 762 3501 forma
776 3430 882 3499 beatis
900 3470 903 3476 ,

74 3550 146 3616 Arte
159 3574 276 3619 manus
292 3576 446 3620 concessa
461 3546 554 3619 locis!
573 3552 652 3622 Non
667 3547 792 3647 largius
807 3575 947 3645 usquam

72 3666 205 3738 Indulsit
219 3684 338 3739 natura
354 3671 428 3740 sibi.
445 3672 592 3743 Nemora
609 3671 676 3740 alte
692 3671 800 3741 citatis

73 3786 245 3858 Incubuere
261 3790 371 3879 vadis;
387 3788 485 3860 fallax
502 3806 675 3885 responsat
690 3792 801 3887 imago

73 3905 261 3998 Frondibus,
276 3924 310 3979 et
324 3908 443 4007 longas
459 3911 574 3981 eadem
591 3912 676 4009 fugit
693 3913 784 3982 unda
800 3937 860 4006 per
871 3911 1017 3981 umbras.

75 4026 139 4117 lpse
154 4032 259 4100 Anien
275 4032 448 4129 (miranda
465 4031 562 4128 fides)
578 4033 729 4127 infraque
745 4057 910 4127 superque

237 4166 258 4211 1.
935 4178 954 4218 2
