2934 4950
345 474 401 535 152
651 476 863 536 THEBAIDGS
882 478 1001 537 amun.
1012 476 1075 536 IX.-
1272 471 1382 537 ('·¹⁹⁵·)

344 603 440 673 Solus
456 603 526 691 abi,
543 604 680 675 miseros
697 628 766 673 non
783 602 962 698 decepture
979 616 1146 700 parentes.

343 722 387 793 Di
404 723 504 811 bene,
523 723 615 818 quod
634 748 765 821 pugnas
780 724 936 819 rapidum
955 724 1076 819 dejecit
1097 724 1131 791 in
1154 744 1288 809 manem

343 844 529 939 Sanguinea
546 842 683 913 Bellona
698 869 801 913 mauu
817 872 825 912 :
842 845 946 914 trahit
962 842 1056 913 unda
1073 844 1229 911 timentes

345 967 489 1059 Gurgite
508 964 642 1060 gentili,
659 964 751 1035 nuda
771 990 833 1035 neo
851 964 970 1034 flebilis
987 964 1108 1034 umbra

344 1082 506 1154 Stridebit
524 1100 649 1155 vestros
666 1084 798 1181 Tydeus
815 1086 1011 1155 inhumatus
1028 1082 1071 1152 ad
1091 1084 1197 1179 ignes.

342 1206 438 1275 Ibitis
455 1207 617 1299 aequoreis
637 1204 784 1275 crudelia
803 1204 928 1301 pabula
945 1203 1120 1274 monstris:

342 1324 443 1397 lllum
460 1342 548 1396 terra
566 1327 675 1416 vehit,
692 1352 819 1421 suaque
840 1328 875 1396 in
895 1324 1079 1421 primordia
1095 1322 1235 1393 solvit.»

393 1448 450 1519 Sio
467 1450 591 1543 premit
608 1446 784 1537 adversos,
802 1462 836 1517 et
851 1447 985 1517 aoerbat
1004 1444 1145 1515 vulnera
1159 1444 1267 1513 dietis.

345 1570 393 1637 Ao
409 1592 500 1637 nunc
515 1592 592 1637 ense
608 1568 704 1657 furit,
727 1591 817 1637 nunc
835 1566 900 1638 tela
917 1567 1065 1637 natantia
1083 1543 1219 1660 raptans
1276 1628 1279 1633 .

343 1688 493 1783 ingerit:
508 1690 658 1784 innuptae
678 1692 833 1759 comitem
846 1690 1003 1785 Therona
1020 1688 1157 1774 Dnnae,

343 1808 605 1905 Rurieolamque
624 1814 740 1905 Gyan,
759 1836 837 1880 cum
853 1811 1034 1907 fluctivago
1052 1809 1198 1904 Ergino,

342 1932 585 2024 Intonsumque
602 1934 747 2020 Hersen,
766 1946 1075 2025 contemtoremque
1089 1928 1248 2025 profundi

328 2051 506 2147 ¹Crethea,
526 2052 712 2121 nimbosam
731 2055 788 2149 qui
807 2078 893 2151 saepe
909 2052 1103 2147 Gaphareos
1120 2074 1232 2119 arcem

343 2170 577 2266 Euboicasque
594 2172 717 2242 hiemes
736 2197 840 2269 parva
860 2171 1086 2268 transfugerat
1102 2170 1192 2240 alno.

346 2291 439 2381 Quid
456 2318 525 2363 non
545 2293 613 2363 lata
631 2294 779 2388 queant?
798 2296 957 2391 trajectus
975 2308 1111 2389 pectora
1128 2292 1218 2361 ferro

343 2409 502 2484 Volvitur
520 2415 555 2484 in
573 2414 692 2486 fluctus
708 2441 716 2484 ι
734 2416 800 2486 beu
815 2416 910 2512 cujus
924 2414 1107 2512 naufragus
1126 2410 1243 2482 undae!

392 2537 592 2630 Tequoque
612 2535 745 2606 sublimi
765 2552 996 2607 transnantem
1013 2536 1151 2605 flumina
1169 2559 1290 2614 curru,

344 2657 435 2724 Dum
454 2657 579 2744 socios,
595 2655 774 2745 Pharsalo,
790 2658 895 2752 petis,
914 2635 1086 2751 resupinat
1105 2655 1247 2724 ademtis

343 2777 469 2846 Dorica
488 2781 598 2873 cuspis
612 2779 706 2872 equis
722 2803 729 2845 :
744 2775 819 2846 illos
836 2777 994 2847 violentia
1009 2779 1085 2846 saevi

344 2899 514 2993 Gurgitis,
535 2897 714 2993 infelixque
731 2901 805 2996 jugi
823 2897 1003 2969 concordia
1023 2899 1156 2993 mergit.

392 3019 493 3089 Nunc
510 3045 589 3115 age,
609 3021 683 3114 quis
700 3018 837 3089 tumidis
854 3045 1014 3115 magnum
1027 3020 1269 3114 expugnaverit
1288 3015 1373 3085 undis

343 3138 616 3233 Hippomedonta
633 3138 746 3229 labor,
764 3165 825 3210 cur
842 3142 912 3234 ipse
926 3141 1053 3209 excitus
1071 3140 1107 3206 in
1127 3156 1239 3207 arma·

342 3261 511 3346 Ismenos,
532 3258 639 3329 doetae
659 3285 756 3330 nosse
775 3258 948 3356 indulgete
966 3283 1118 3330 sorores:

342 3381 500 3448 Vestrum
516 3405 600 3476 opus
618 3382 666 3449 ire
684 3395 793 3468 retro,
814 3397 847 3451 et
863 3383 993 3450 senium
1011 3379 1186 3450 defendere
1207 3381 1309 3450 lame.

390 3497 569 3570 Gaudebat
587 3503 703 3570 Fauno
722 3503 935 3597 nymphaque
952 3500 1118 3572 Ismenide
1137 3517 1235 3570 natus

340 3621 502 3690 Maternis
518 3619 643 3690 bellare
657 3636 751 3692 tener
763 3625 919 3694 Crenaeus
938 3626 973 3691 iu
992 3622 1091 3692 undis
1107 3649 1115 3690 z

340 3743 517 3829 Crenaeus,
538 3743 593 3811 eui
609 3744 718 3839 prima
736 3743 805 3812 dies
824 3746 859 3812 in
876 3745 1007 3838 gurgite
1022 3742 1107 3830 fido,

341 3865 384 3930 Et
405 3858 515 3931 natale
532 3861 672 3952 vadum,
692 3879 725 3933 et
741 3864 865 3933 virides
882 3862 1048 3934 cunabula
1063 3866 1155 3960 ripae.

339 3985 431 4078 Ergo
447 3995 540 4051 ratus
557 3981 641 4051 nihil
658 3983 786 4080 Elysias
804 3986 850 4055 ibi
868 4009 965 4082 posse
981 4009 1128 4071 sorores,

339 4105 450 4171 Laetus
469 4101 660 4173 adulantem
680 4131 771 4177 nune
789 4105 854 4176 boc
873 4132 962 4176 nunc
980 4106 1131 4200 margine
1152 4104 1194 4173 ab
1215 4102 1268 4172 illo
