2934 4950
90 353 188 416 tuot
408 350 604 406 srrvmuor
624 351 734 406 num
758 353 792 408 v.

90 485 220 550 Cesarea
234 479 361 548 donate
378 471 498 549 manu!
515 477 607 574 quod
623 479 767 550 subdere
784 478 889 550 robur

86 603 139 671 llla
151 603 233 687 dies,
252 615 420 696 quantum
440 601 552 694 potuit
567 599 751 696 dempsisse
771 598 925 672 senectui

87 729 150 794 Heu
166 722 257 818 quod
270 747 325 792 me
344 724 449 792 mixtu
466 747 611 816 quercus
624 749 694 792 non
712 725 833 820 pressit
847 723 953 813 oliva,

85 849 121 915 Et
135 846 215 942 fugit
232 860 386 941 speratus
400 844 529 932 honos,
547 871 653 940 quum
668 849 792 916 Lustra
806 848 954 942 parentis

85 967 188 1037 lurida
201 969 337 1063 Tarpeii
355 962 520 1036 canerem!
539 969 587 1036 Te
604 977 720 1038 nostre
737 971 898 1064 magistro

85 1091 211 1159 Thebais
228 1090 370 1185 urgebat
385 1090 572 1184 priscorum
587 1089 724 1160 exordia
743 1104 871 1178 vatum3

84 1215 128 1279 Tu
143 1226 256 1280 cantus
270 1208 445 1280 stimulare
464 1235 572 1299 meos,
590 1225 629 1280 tu
647 1210 794 1307 pandere
813 1213 900 1282 facta

85 1336 217 1401 Heroum
232 1329 404 1426 :bellique
423 1331 561 1421 modos,
579 1334 774 1428 positusque
794 1331 944 1404 locorum

84 1454 291 1523 Monstrabas.
306 1452 415 1522 Labat
431 1455 562 1524 incerto
578 1454 662 1523 mihi
677 1452 782 1524 limite
800 1479 917 1526 cursus

84 1577 125 1642 Te
142 1576 223 1662 sine,
243 1591 278 1645 et
292 1575 420 1646 orbam
434 1574 580 1672 caligant
597 1573 670 1645 vela
690 1575 822 1646 eariuae.

126 1698 191 1766 Nec
208 1696 318 1767 solum
337 1693 431 1792 larga
448 1711 572 1766 memet
587 1699 711 1792 pietate
726 1697 880 1786 fovebas;

83 1815 159 1886 Talis
174 1821 256 1888 etin
272 1815 437 1888 thalamos
455 1843 463 1885 :
481 1843 551 1886 una
570 1817 632 1888 tibi
649 1820 784 1914 cognita
804 1819 889 1892 taedu

82 1940 262 2029 Connubia,
283 1959 372 2008 unus
386 1963 502 2026 amor3
519 1953 609 2008 certe
622 1940 797 2036 sejungere
815 1957 957 2012 matrem

81 2061 145 2129 lam
163 2059 282 2156 gelidis
298 2083 430 2154 nequeo
449 2058 573 2146 bustis3
594 2074 626 2129 te
644 2061 761 2151 sentit,
782 2061 962 2158 habetque,

82 2183 121 2250 Te
134 2181 240 2271 ridet,
256 2195 292 2250 et
310 2180 459 2251 tumulos
474 2195 618 2276 ortuque
634 2181 796 2278 obituque
812 2182 948 2271 salutat,
1004 2271 1007 2278 Ι

82 2303 122 2372 Ut
137 2305 277 2374 Pharios
294 2301 368 2374 alite
386 2303 470 2372 fieta
482 2304 607 2398 pietate
622 2302 755 2374 dolores

80 2423 335 2521 Mygdoniosque
353 2421 483 2515 uolunt,
500 2438 535 2494 et
551 2449 622 2495 non
640 2449 701 2495 sua
715 2424 834 2496 funera
848 2424 992 2521 plorant.

118 2548 210 2637 Quid
227 2547 371 2617 referam
386 2548 552 2642 expositos
566 2562 699 2617 serrato
713 2546 861 2642 pondere
881 2548 1009 2619 mores?

79 2669 151 2759 Quae
167 2669 300 2766 pietas?
316 2694 420 2765 quam
437 2666 503 2739 vile
520 2666 671 2739 luorum?
683 2693 758 2764 <pree
776 2694 856 2740 cura
873 2669 1035 2764 pudoris?

79 2791 223 2879 Quantus
239 2814 335 2861 amor
349 2790 455 2860 recti?
473 2778 672 2886 rursusque,
701 2790 760 2863 ubi
776 2790 875 2861 dulce
892 2791 1034 2882 remitti,

77 2915 185 2983 Gratia
204 2939 282 3008 quae
300 2913 419 2983 dictis?
434 2917 549 2984 animo
568 2938 670 3008 quam
688 2912 782 2985 nullu
800 2912 970 2985 senectus?

76 3036 127 3103 llis
144 3036 208 3104 tilri
227 3058 291 3129 pro
309 3035 455 3123 meritis,
474 3035 597 3105 famam
614 3034 797 3130 laudesque
814 3034 975 3129 benignas

75 3155 169 3225 ludex
186 3181 268 3225 eura
284 3155 401 3244 deum,
418 3155 579 3250 nulloque
598 3182 617 3226 e
636 3154 774 3226 vulnere
792 3157 904 3227 tristes

78 3280 262 3348 raucessit:
282 3278 423 3372 raperis,
439 3278 584 3373 genitor,
600 3302 670 3347 non
687 3276 820 3372 indigus
840 3278 917 3367 aevi,

1072 355 1126 434 ¹⁵9

76 3400 145 3467 Non
161 3399 301 3486 nimius3
319 3400 482 3491 trinisque
498 3399 614 3469 decem
630 3400 860 3495 quinquennia
877 3397 992 3473 lustris
1079 3454 1081 3462 .

77 3520 185 3588 Iuncta
199 3520 334 3589 ferens:
356 3520 414 3590 sed
432 3546 486 3591 me
504 3522 824 3617 pietasfnumerare,
845 3519 1007 3617 dolorque

80 3639 148 3707 Non
163 3642 243 3710 sinit
259 3666 267 3710 ε
288 3666 310 3711 o
325 3640 434 3737 Pylias
446 3645 508 3712 aevi
526 3642 762 3713 transcendere
775 3656 895 3731 metas,

80 3760 118 3826 Et
128 3764 270 3831 Teucros
286 3788 419 3856 aequare
432 3788 543 3851 senes,
558 3790 580 3833 o
596 3762 697 3860 digne
710 3762 826 3833 ridere

80 3880 130 3949 lle
147 3879 298 3953 similem!
313 3882 380 3954 Sed
397 3909 458 3954 neo
477 3882 537 3954 leti
550 3885 612 3954 tibi
623 3886 728 3979 janua
744 3884 866 3955 tristis:

80 4000 202 4099 Quippe
214 4001 304 4075 leves
319 4028 441 4094 cause,
457 4030 520 4075 nec
536 4006 645 4102 segnis
660 4006 737 4077 tabe
755 4003 850 4077 senili
