2934 4950
55 489 88 530 n.
101 484 176 546 sss,
365 483 577 544 THEBAIDOS
599 487 708 544 Ltuttu
730 489 781 544 lx.
1047 482 1101 544 153

52 610 249 694 Victorem,
270 607 340 699 vel,
361 611 387 678 si
406 610 516 706 ampla
537 627 634 708 peto,
654 611 821 683 derisere
837 625 979 683 tantum.

53 731 124 798 llic
142 729 255 818 sudet,
275 745 397 826 tuaque
415 757 507 820 arma
527 733 638 804 ferat:
662 759 792 829 preme,
816 735 921 824 Diva,
938 729 1103 804 malorum

52 852 186 946 Signa:
203 851 283 945 quid
300 853 333 924 in
354 855 495 943 nostris,
517 854 694 925 nemoralis
711 852 825 945 Delia,
844 853 934 925 silvis

53 971 231 1042 Maenades
249 971 402 1062 hostiles,
419 975 644 1071 Thebanaque
661 978 800 1048 numina
817 974 979 1072 regnaut?

53 1094 122 1161 Hei
144 1091 242 1162 mihi!
262 1119 322 1164 cur
340 1097 471 1191 penitus
488 1095 631 1194 (simque
648 1123 757 1195 augur
771 1121 863 1168 cassa
876 1092 998 1166 futuri!
1009 1094 1040 1190 )‚

53 1219 131 1284 Cur
148 1217 300 1309 penitus,
317 1241 505 1312 magnoque
525 1220 730 1313 interpretor
748 1220 861 1288 omine
877 1213 1059 1313 quercum?

53 1335 163 1424 Quod
180 1338 207 1404 si
226 1361 306 1406 vera
319 1361 421 1434 sopor
437 1339 566 1410 miserae
582 1341 744 1436 presagia
763 1341 883 1428 mittit,

53 1459 123 1526 Per
142 1471 195 1545 te,
212 1471 398 1549 maternos,
418 1462 508 1530 mitis
526 1462 711 1556 Dictynna,
731 1460 879 1549 labores,

54 1582 325 1673 Fraternumque
346 1578 463 1669 decus,
482 1581 579 1676 justis
595 1583 686 1652 huuc
705 1582 772 1678 fige
785 1582 913 1678 sagittis

54 1697 234 1768 Infelicem
254 1716 386 1770 uterum
405 1728 412 1770 :
432 1704 559 1772 miserae
577 1703 648 1772 sine
667 1703 784 1772 funera
803 1703 917 1772 matris

56 1821 185 1891 Audiat
204 1821 259 1892 illc
280 1824 413 1917 prior.»
431 1827 542 1911 Dixit,
559 1825 704 1920 fletuque
721 1825 831 1895 soluto

55 1944 213 2038 Adspicit
230 1960 263 2014 et
282 1946 386 2016 niveae
406 1971 522 2016 saxum
543 1947 708 2017 maduisse
722 1949 851 2017 Dianae.
890 1975 893 1982 ·

106 2064 208 2134 Illam
227 2068 314 2135 Diva
334 2067 426 2136 ferox
448 2069 631 2138 etiamnum
650 2070 685 2138 in
705 2067 821 2139 limine
839 2093 934 2138 sacro

58 2188 276 2284 Expositam,
293 2202 327 2256 et
346 2187 471 2282 gelidas
488 2205 677 2259 verrentem
697 2192 847 2260 crinibus
864 2215 939 2260 aras

59 2310 220 2404 Linquit,
241 2312 325 2378 etin
347 2308 464 2380 mediis
483 2308 694 2380 frondentem
711 2310 879 2381 Maenalon
899 2310 996 2379 astris

59 2435 251 2529 Exsupoeat
271 2456 404 2528 gressu,
422 2429 608 2527 saltumque
628 2432 671 2501 ad
688 2433 809 2502 moenia
827 2429 945 2503 Cadmi

60 2558 238 2643 Destinat,
254 2555 396 2625 interior
408 2553 483 2627 ooeli
500 2580 567 2651 qua
585 2556 702 2623 semita
720 2552 809 2623 lueet

60 2680 122 2746 Dis
143 2691 294 2767 tantum,
313 2691 346 2745 et
365 2691 503 2749 cunctas
517 2679 615 2769 juxta
635 2674 725 2745 videt
744 2674 850 2745 ardua
871 2689 986 2743 terras.

60 2803 203 2893 Jamque
217 2798 286 2867 sere
306 2796 453 2867 medium
470 2799 624 2868 Parnassi
642 2796 781 2867 frondea
799 2811 920 2892 praeter

62 2921 159 2992 Colla
180 2921 315 2989 tenebat
330 2922 407 3008 iter,
425 2945 530 3014 quum
546 2919 684 2989 matrem
701 2919 737 2988 in
756 2918 845 2987 nube
859 2941 998 2986 corusca

66 3042 215 3137 adspicit
234 3040 325 3109 haud
341 3039 476 3110 solitum
496 3042 581 3110 visu.
604 3040 789 3110 Remeabat
803 3038 845 3108 ab
864 3038 965 3106 armis

64 3168 203 3233 Moestus
223 3162 412 3247 Echioniis,
432 3160 572 3231 demersi
591 3160 709 3231 funera
728 3159 845 3256 lugens

66 3286 221 3382 Auguris.
243 3284 395 3354 irrubuit
411 3281 484 3353 coeli
503 3280 602 3378 plaga
622 3281 730 3352 sidere
748 3284 867 3369 mixto,

67 3412 283 3500 Occursuque
301 3428 395 3475 sacro
412 3405 537 3498 pariter
551 3403 653 3496 jubar
668 3404 750 3473 arsit
766 3404 951 3496 utrimque,

68 3531 108 3596 Et
128 3528 240 3597 coiere
258 3550 374 3614 arcus,
391 3542 425 3595 et
442 3524 645 3620 respondere
661 3524 836 3619 pharetrae.
953 3512 959 3526 ⁶

115 3646 176 3718 Ille
193 3651 288 3745 prior
301 3676 309 3717 ε
321 3678 336 3713 a
350 3648 442 3736 Scio,
457 3646 678 3735 Labdacidas,
696 3670 873 3742 germana,
892 3645 1065 3730 cohortes,

70 3776 109 3841 Et
127 3774 269 3842 nimium
288 3772 389 3842 furtes
404 3797 523 3841 ausum
540 3774 623 3867 petis
640 3769 770 3842 Arcada
788 3796 928 3867 pugnas.

72 3895 150 3964 Fida
163 3909 262 3991 rogat
280 3895 446 3990 genitrix:
463 3896 591 3963 utinam
609 3891 783 3989 indulgere
797 3893 947 3988 precanti

74 4020 150 4086 fata
168 4012 302 4086 darent!
323 4041 365 4085 en
385 4017 456 4112 ipse
475 4016 558 4104 mei,
577 4014 701 4110 pudet,
718 4015 833 4084 irritus
851 4038 944 4085 arma

74 4137 231 4229 Cultoris,
249 4136 450 4231 frondesque
467 4161 594 4226 sacras,
611 4136 654 4205 ad
672 4137 784 4206 inania
798 4136 866 4207 vidi

916 4280 970 4330 tt.
