2934 4950
321 539 377 612 ²9l
632 533 845 591 THEBAIDOS
866 532 979 589 LIBER
1000 531 1038 587 Il.
1251 525 1280 586 (l-
1292 538 1323 586 ἰ
1353 568 1356 578 ,

320 658 452 745 Induit,
469 673 503 730 et
519 659 619 730 fallax
636 660 778 729 intravit
794 658 910 728 limina
926 661 1025 727 Juno.

320 783 436 874 Teque
454 783 573 872 etiam,
591 780 727 872 infelix,
747 781 941 877 perhibent,
958 781 1103 864 Jocasta,
1116 773 1281 843 decorum

322 900 509 972 Possedisse
525 901 641 972 nefas:
659 900 772 971 vultus
789 901 852 970 hac
868 898 967 970 laude
984 895 1134 984 colebas,

320 1023 397 1091 Heu
415 1022 553 1118 quihus,
569 1023 637 1092 heu
651 1020 815 1118 placitura
825 1017 927 1102 ¹toris!
946 1032 1021 1114 post
1038 1015 1171 1111 longior
1185 1011 1277 1082 ordo.

275 1191 278 1194 -
321 1145 408 1211 Tum
426 1141 522 1212 donis
539 1142 642 1237 Argia
659 1141 766 1230 nitet,
782 1139 932 1234 vilesque
949 1139 1074 1209 sororis

322 1239 470 1334 Ornatus
487 1285 582 1331 sacro
601 1259 761 1357 praeculta
778 1262 973 1356 supervenit
990 1284 1082 1329 auro.

368 1380 508 1452 Viderat
524 1357 590 1452 hoc
605 1383 730 1477 conjux
747 1382 890 1477 perituri
907 1381 1013 1470 vatis,
1032 1393 1067 1448 et
1085 1401 1159 1448 aras

323 1505 411 1574 Ante
426 1525 560 1593 omnes,
577 1501 759 1598 epulasque
777 1517 906 1571 trucem
925 1514 1054 1570 secreta
1075 1497 1240 1592 coquebat

324 1621 505 1712 Invidiam,
525 1624 618 1692 saevis
635 1622 734 1692 detur
751 1603 778 1691 si
799 1620 933 1716 quando
950 1596 1053 1716 potiri

322 1740 497 1832 Cultibus,
518 1743 585 1812 heu
604 1739 687 1812 nihil
706 1743 854 1837 auguriis
873 1740 988 1836 adjuta
1009 1739 1218 1835 propinquis.

324 1864 420 1951 Quos
439 1876 534 1960 optat
549 1859 709 1958 gemitus!
730 1875 871 1957 quantas
889 1863 984 1958 cupit
1003 1861 1106 1955 impia
1122 1856 1248 1929 clades!

325 1984 437 2078 Digna
453 1982 611 2077 quidem,
631 1982 690 2052 sed
703 1981 786 2077 quid
801 1985 914 2054 miseri
930 1983 1071 2076 decepta
1079 1980 1198 2070 ‚mariti

326 2102 451 2176 Arma?
466 2102 547 2198 quid
565 2105 713 2177 insontes
727 2107 800 2178 nati
817 2128 971 2176 meruere
991 2100 1148 2172 furores?
1296 2191 1301 2208 ι

373 2229 555 2332 Postquam
569 2225 696 2323 regales
712 2225 850 2323 epulas,
867 2240 901 2295 et
918 2222 1040 2321 gaudia
1053 2221 1147 2317 vulgi

326 2347 451 2416 Bisseni
469 2344 597 2417 clusere
614 2347 702 2439 dies,
717 2348 883 2419 ismenius
899 2347 998 2416 heros

329 2468 509 2565 Respicere
520 2466 570 2553 'ad
586 2470 732 2561 Thebas,
747 2470 884 2567 jamque
900 2483 934 2541 et
951 2494 1010 2543 sua
1028 2491 1178 2568 quaerere
1197 2491 1318 2566 regna,

328 2590 466 2686 Quippe
481 2591 631 2660 animum
649 2592 739 2660 subit
757 2588 813 2660 illa
827 2590 913 2683 dies,
929 2618 1011 2688 qua,
1027 2608 1116 2663 sorte
1133 2592 1280 2686 benigna

329 2712 471 2803 Fratris,
485 2687 651 2781 ¹Echionia
664 2726 803 2781 steterat
817 2690 968 2807 privatus
987 2717 1022 2783 in
1040 2713 1135 2784 aula:

330 2833 524 2927 Respiciens
542 2830 684 2904 descisse
703 2836 811 2922 Deos,
827 2833 1026 2930 trepidoque
1046 2834 1191 2906 tumultu
1235 2883 1237 2891 ·

328 2951 485 3048 Dilapsos
500 2956 653 3044 comites,
675 2954 802 3025 nudum
825 2954 911 3026 latus
931 2980 1046 3045 omne,
1064 2955 1246 3051 fugamque

328 3078 509 3146 Fortunas:
529 3100 674 3168 namque
690 3101 760 3145 una
778 3094 873 3147 soror
891 3076 1076 3172 producere
1092 3076 1203 3145 tristes

329 3192 460 3265 Exsulis
476 3218 556 3265 ausa
572 3196 642 3265 viss
661 3223 669 3266 ε
685 3198 787 3268 etiam
803 3198 890 3267 hanc
904 3199 939 3265 in
954 3197 1069 3267 limine
1084 3198 1192 3292 primo

328 3315 507 3408 Liquerat,
524 3329 558 3384 et
574 3339 696 3412 magna
714 3316 876 3413 lacrymas
893 3317 1073 3388 incluserat
1089 3319 1148 3387 ira.

328 3440 424 3506 Tunc
440 3461 523 3530 quos
538 3416 702 3507 excedens
720 3437 861 3529 hilares,
880 3440 954 3534 quis
972 3437 1083 3510 cultus
1101 3440 1207 3534 iniqui

328 3558 520 3651 Praecipuus
542 3558 657 3647 ducis,
675 3574 710 3629 et
726 3561 869 3657 prolirgo
885 3586 970 3657 quos
988 3563 1059 3657 ipse
1078 3574 1210 3630 notarat

330 3678 535 3775 Ingemuisse
552 3680 631 3766 sibi,
651 3705 713 3777 per
732 3696 885 3772 noctem,
905 3708 945 3753 ac
966 3682 1041 3752 lnce
1060 3684 1120 3753 sub
1139 3685 1233 3751 omni

331 3800 461 3894 Digcrit
477 3825 486 3868 ε
502 3800 642 3871 exedere
662 3805 814 3872 animum
833 3802 929 3874 dolor
944 3806 1060 3900 iraque
1081 3804 1234 3891 demens,
1290 3858 1294 3865 .

331 3923 389 4009 Et,
407 3942 474 4014 qua
491 3945 558 3989 non
578 3922 713 4016 gravior
728 3922 925 3993 mortalibus
944 3924 1057 3995 addita
1076 3951 1178 4017 cura,

331 4044 428 4135 Spes,
445 4041 501 4110 ubi
521 4040 618 4135 longa
637 4045 728 4139 venit
744 4042 865 4113 :talem
886 4046 947 4115 sub
965 4060 1101 4139 pectore
1116 4048 1238 4117 nubem

234 4153 238 4159 ’
331 4160 478 4230 Consilio
494 4161 646 4251 volvens,
667 4165 808 4251 Dircen,
829 4165 1014 4259 Cadmique
1034 4182 1170 4261 negatas

1326 521 1356 568 3>
