2934 4950
386 357 424 424 48
705 357 918 415 THEBAIDOS
940 359 1051 416 LIBER
1070 359 1105 412 V.
1313 358 1409 422 l'·⁵³5·l

384 493 481 559 Sorte
499 484 609 556 dedit?
629 499 709 554 tune
724 484 789 556 hoc
805 487 861 553 vix
878 486 987 580 prima
1006 483 1050 554 ad
1071 482 1186 552 limina
1205 482 1284 552 vite

385 613 489 680 Hoste
502 607 614 703 jaces?
634 632 677 676 an
697 622 735 675 ut
755 607 832 676 inde
850 631 943 677 sacer
960 630 1021 702 per
1036 601 1159 674 saecula
1175 606 1289 677 Graiis

385 729 568 818 Gentibus,
587 743 621 797 et
637 742 730 797 tanto
749 727 871 824 dignus
889 750 1058 797 morerere
1075 722 1252 822 sepulcro?

385 851 519 921 Occidis
534 865 688 919 extremae
702 848 880 918 destrictus
894 848 1034 918 verbere
1048 848 1162 918 caudae

384 976 509 1069 Ignaro
523 985 677 1066 serpente
689 994 775 1066 puer
789 996 797 1039 :
814 969 900 1066 fugit
914 970 1003 1040 ilicet
1016 985 1109 1040 artus

385 1095 546 1182 Somnus,
561 1108 595 1162 et
609 1094 644 1160 in
659 1091 765 1162 solam
777 1107 959 1188 patuerunt
972 1089 1100 1162 lumina
1113 1107 1267 1162 mortem.

434 1216 551 1303 Quum
571 1229 683 1284 tamen
702 1215 843 1284 attonito
861 1215 1005 1283 moriens
1024 1215 1155 1308 vagitus
1174 1214 1210 1282 in
1227 1238 1324 1282 auras

385 1334 536 1425 Excidit,
557 1349 592 1404 et
608 1335 719 1429 ruptis
739 1335 910 1404 immutuit
928 1358 986 1404 ore
1005 1331 1167 1430 querelis,

385 1454 510 1546 Qualia
529 1481 598 1526 non
619 1470 706 1525 totas
723 1471 890 1550 peragunt
908 1456 1072 1525 insomnia
1090 1479 1207 1545 voces,

385 1577 501 1650 Audiit
518 1575 718 1672 Hypsipyle,
738 1573 935 1670 facilemque
952 1577 1110 1670 negantia
1127 1601 1262 1646 cursum

386 1698 558 1769 Exanimis
579 1722 689 1794 genua
706 1722 794 1793 aegra
811 1698 917 1793 rapit3
930 1698 1003 1790 jam
1020 1711 1113 1768 certa
1130 1698 1294 1770 malorum

385 1821 510 1890 Mentis
530 1821 573 1890 ab
593 1821 754 1915 augurio,
773 1844 955 1916 sparsoque
975 1843 1035 1914 per
1054 1821 1168 1888 omnia
1186 1821 1260 1890 visu

386 1947 524 2013 Lustrat
541 1942 683 2011 humum
704 1965 873 2035 quaerens,
895 1956 930 2011 et
949 1955 1030 2011 nota
1050 1925 1213 2012 vocabula
1232 1966 1332 2036 parvo

387 2064 622 2157 Nequicquarn
633 2064 861 2158 ingeminans:
875 2087 1039 2157 nusquam
1052 2061 1125 2149 ille,
1135 2055 1170 2132 ¹et
1178 2077 1275 2158 prata
1282 2075 1410 2134 recentes

387 2184 539 2254 Amisere
555 2198 651 2254 notas
668 2209 676 2252 :
693 2182 792 2256 viridi
809 2186 905 2280 piger
920 2184 1059 2253 accubat
1074 2183 1178 2252 hostis

386 2302 557 2374 Collectus
576 2292 678 2400 gyro,
699 2305 911 2399 spatiosaque
928 2305 1048 2400 jugera
1066 2303 1225 2399 complet,

337 2474 340 2479 -
386 2426 442 2496 Sic
459 2424 560 2495 etiam
577 2424 715 2520 obliqua
731 2426 894 2496 cervicem
912 2439 1068 2523 expostus
1087 2427 1122 2495 in
1140 2421 1226 2495 alvo.

386 2548 528 2617 Horruit
544 2545 658 2615 infelix
677 2541 770 2636 uisu,
789 2546 957 2642 longoque
975 2545 1181 2642 profundum

386 2668 539 2739 Incendit
558 2666 703 2738 clamore
720 2692 837 2738 nemus
858 2694 866 2737 ε
888 2692 949 2739 nec
969 2669 1105 2739 territus
1125 2665 1198 2758 ille,

388 2789 453 2859 Sed
468 2790 570 2883 jacet.
588 2787 761 2884 Argolicas
782 2787 928 2859 ululatus
949 2788 1068 2864 flebilis
1087 2814 1182 2859 aures

386 2908 524 3005 Impulit
545 2936 554 2979 :
574 2909 740 3006 extemplo
756 2913 890 2981 monitu
909 2911 1004 2981 ducis
1024 2909 1157 2981 advolat
1176 2912 1297 2983 ardens

385 3032 490 3101 Arcas
503 3055 618 3126 eques,
632 3056 832 3126 causamque
845 3031 956 3102 refert.
969 3035 1056 3103 Tum
1068 3058 1260 3127 squammea
1271 3034 1388 3103 demum

385 3154 516 3220 Torvus
535 3151 577 3220 ad
594 3177 765 3222 armorum
782 3153 892 3223 radios
910 3153 1146 3248 fremitumque
1160 3155 1310 3224 virorum

385 3269 482 3341 Colla
503 3287 613 3341 movet
633 3300 642 3342 ε
663 3276 753 3367 rapit
773 3276 899 3369 ingenti
919 3276 1094 3345 conamine
1112 3298 1247 3360 saxum,

385 3393 464 3480 Quo
482 3390 643 3463 discretus
662 3418 756 3489 ager,
775 3419 960 3489 vacuasque
977 3394 1117 3491 impellit
1135 3397 1170 3463 in
1187 3419 1285 3465 auras

385 3512 519 3582 Arduus
536 3513 790 3608 Hippomedon,-
808 3540 875 3611 quo
893 3517 1025 3586 turbine
1041 3515 1160 3586 bellica
1176 3515 1341 3610 quondam

384 3632 516 3703 Librati
534 3634 658 3703 saliunt
676 3650 850 3731 portarum
869 3639 903 3705 in
922 3635 1068 3707 claustra
1086 3635 1239 3706 molares.

384 3756 485 3823 Cassa
506 3754 583 3824 duci
603 3756 708 3827 virtus
730 3783 738 3827 :
761 3783 838 3827 nam
859 3757 971 3829 mollia
991 3758 1076 3830 colla
1095 3757 1228 3828 refirsus

383 3873 422 3940 In
442 3889 575 3968 tergum
592 3901 727 3972 serpens
747 3882 933 3950 venientem
952 3882 1149 3951 exhauserat
1166 3881 1280 3950 ictum.

382 3994 451 4063 Dat
468 3997 613 4065 sonitum
633 3997 747 4087 tellus,
766 4025 1008 4097 nemorumque
1024 4027 1086 4098 per
1103 4026 1179 4073 aera
1199 4000 1291 4071 densi
