2934 4950
265 447 268 452 Ι
357 474 411 543 158
571 437 573 444 Ι
661 466 1070 528 THEBAIDOSHBERX.
1287 469 1394 529 (2¹⁴⁵.)

352 597 521 694 Pluraque
540 597 652 670 laxato
670 597 865 668 ceciderunt
883 597 993 667 sidera
1011 596 1107 666 coelo.

327 757 331 766 ·
400 721 532 790 Primus
550 719 665 790 adesse
681 723 792 791 Deum
809 719 922 789 subita
939 717 1083 814 caligine
1100 720 1205 789 sensit

351 845 517 938 Campus,
538 857 573 912 et
590 843 775 912 innumeras
791 865 909 931 voces,
927 840 1146 935 fremitusque
1164 842 1318 910 virorum

351 962 543 1035 Submisere
564 987 713 1034 sonum:
734 987 839 1057 quum
859 987 939 1032 vero
959 963 1178 1032 humentibus
1195 961 1257 1032 slis

350 1085 528 1171 Incubuit,
547 1087 710 1181 piceaque
728 1085 821 1154 haud
837 1107 988 1179 unquam
1006 1083 1143 1154 densior
1158 1085 1282 1155 umbra

351 1209 472 1279 Castra
488 1208 599 1296 subit,
617 1229 731 1276 errare
749 1203 855 1295 oculi,
874 1203 1089 1300 resolutaque
1105 1204 1210 1294 colla,

351 1331 397 1399 Et
412 1328 524 1400 medio
543 1327 648 1399 affatu
665 1329 769 1398 verba
786 1328 980 1424 imperfecta
996 1328 1152 1423 relinqui.

350 1453 434 1521 Mox
452 1466 485 1521 et
502 1449 667 1547 fulgentes
685 1449 829 1547 clipeos,
848 1466 882 1522 et
898 1475 984 1520 saeva
1001 1453 1179 1520 remittunt

351 1569 424 1642 Pila
443 1596 564 1663 manu,
586 1570 730 1667 lassique
755 1571 882 1642 cadunt
897 1573 934 1641 in
952 1586 1087 1668 pectora
1107 1570 1230 1642 vultus.

351 1698 397 1765 Et
415 1695 487 1790 ja'm
504 1710 625 1776 cuncta
644 1692 743 1764 silent
763 1719 771 1763 ε
791 1695 855 1790 ipsi
870 1695 943 1789 jam
962 1710 1051 1766 stare
1068 1709 1224 1765 recusant

352 1815 558 1912 Cornipedes
576 1843 585 1887 r
606 1817 696 1912 ipsos
712 1809 842 1888 subitus
860 1818 944 1887 cinis
961 1815 1101 1887 abstulit
1116 1817 1220 1912 ignes.

402 1943 447 2009 At
464 1965 532 2009 non
551 1953 586 2009 et
603 1939 744 2034 trepidis
762 1938 880 2009 cadem
900 1943 1011 2036 Sopor
1029 1940 1100 2010 otia
1119 1941 1233 2012 Graiis

352 2060 495 2150 Suadet,
513 2075 547 2131 et
565 2085 585 2130 a
600 2061 727 2156 junctis
745 2077 838 2132 arcet
855 2085 915 2131 sua
933 2059 1049 2132 nubila
1068 2062 1187 2132 castris

352 2185 531 2281 Noctivagi
547 2185 598 2253 vis
614 2182 738 2253 blanda
754 2163 819 2257 Dei
838 2209 846 2252 r
864 2197 955 2254 stant
965 2164 1125 2280 'unaque
1140 2183 1177 2252 in
1193 2183 1297 2252 armis
1430 2266 1434 2276 ¹

351 2305 487 2375 Foedam
508 2304 722 2401 indignantes
738 2321 888 2396 noem,
904 2304 1090 2402 vigilesque
1101 2303 1276 2399 superbos.

352 2429 438 2498 Ecce
455 2451 590 2523 repens,
612 2427 750 2523 Superis
771 2429 921 2499 animum
940 2425 1210 2523 lymphantibus,
1234 2419 1353 2495 horror

352 2548 600 2619 Thiodamanta
617 2551 724 2637 subit,
743 2549 1026 2643 formidandoque
1042 2544 1192 2619 tumultu

352 2670 504 2743 Pandere
519 2670 588 2743 fata
602 2672 698 2767 jubet
715 2695 724 2743 t
745 2673 815 2742 sire
830 2672 919 2742 hanc
940 2672 1099 2743 Saturnia
1114 2653 1284 2760 mentem,

352 2792 430 2863 Sive
448 2814 574 2865 norum
593 2796 752 2864 comitem
770 2794 881 2865 bonus
898 2792 1082 2889 instigabat
1100 2790 1234 2887 Apollo.

352 2914 489 2985 Prosilit
506 2917 541 2985 in
559 2916 704 3004 medios,
723 2916 1001 3012 visuaudituque
1018 2914 1232 3002 tremendus,

351 3038 604 3133 Impatiensque
617 3040 698 3129 Dei,
713 3036 825 3135 fragili
843 3062 942 3135 quem
956 3053 1070 3109 mente
1086 3052 1260 3133 receptum

352 3160 432 3230 Non
450 3162 539 3257 capit
560 3187 568 3230 ε
589 3160 763 3232 exundant
781 3160 925 3250 stimuli,
945 3160 1123 3256 nudusque
1140 3184 1201 3257 per
1224 3184 1285 3229 ora

354 3282 428 3350 Stat
448 3281 560 3368 furor,
580 3298 614 3352 et
633 3282 782 3380 trepidas
800 3284 929 3355 incerto
948 3285 1111 3381 sanguine
1128 3280 1258 3368 reddit,

352 3402 583 3498 Exhausitque
601 3426 703 3501 genas
722 3431 731 3474 ε
750 3397 836 3475 acies
854 3406 923 3477 huc
940 3419 1049 3492 errat,
1066 3420 1100 3475 at
1118 3402 1218 3491 illuc,

352 3524 515 3618 Sertaque
531 3526 635 3596 mixta
652 3528 758 3597 comis
774 3551 889 3622 sparsa
906 3529 1035 3598 cervice
1053 3524 1210 3625 flagellat.

351 3643 407 3714 Sic
425 3644 560 3743 Phryga
578 3648 732 3719 terrificis
751 3648 894 3745 genitrix
915 3648 1003 3719 idaea
1021 3665 1197 3720 cruentum

350 3764 452 3837 Elicit
471 3792 512 3837 ex
530 3768 656 3865 adytis,
675 3786 918 3868 consumtaque
937 3769 1076 3843 brachia
1095 3771 1186 3841 ferro

353 3888 446 3959 Scire
461 3904 568 3981 vetnt3
588 3894 696 3985 quatit
713 3891 769 3963 ille
787 3914 897 3965 sacras
912 3894 947 3963 in
967 3910 1105 3989 pectora
1121 3894 1238 3989 pinus,

351 4011 625 4109 Sanguineosque
646 4031 737 4085 rotat
756 4018 882 4106 crines,
901 4031 935 4086 et
954 4014 1096 4087 vulnera
1115 4040 1217 4087 cursu

351 4132 554 4205 Exanimat:
577 4154 679 4232 pavet
697 4140 807 4210 omnis
826 4158 916 4239 ager,
936 4159 1155 4237 respersaque
1174 4134 1286 4208 cultris
