2934 4950
367 1127 779 1196 EUCHARISTICON

552 1365 589 1400 Au

166 1550 243 1606 ffll’.
266 1547 424 1606 AUGUST.
445 1548 704 1606 GERMANICUM
718 1545 977 1604 uourmuuu.

497 1851 658 1870 *

112 2088 380 2160 Recrs'Sidoniae
397 2088 547 2157 convivia
565 2087 679 2157 laudat
698 2086 794 2158 Elisae

80 2211 132 2299 Qui
146 2235 304 2306 magnum
321 2211 459 2279 AEneam
476 2209 698 2277 Laurentibus
715 2207 829 2277 intulit
845 2207 954 2295 arvis;

81 2327 253 2425 Alcinoique
269 2329 372 2424 dapes
391 2353 547 2399 mansuro
564 2328 710 2397 carmine
729 2343 893 2398 monstrat

86 2450 196 2543 ducem
214 2453 276 2547 qui
296 2449 406 2521 multo
425 2449 581 2521 reducem
600 2451 806 2544 consumpsit
824 2447 964 2533 Ulixen3

82 2571 127 2637 Ast
138 2595 212 2666 ego,
232 2574 290 2641 cui
309 2596 408 2641 sacrae
428 2574 537 2643 Caesar
553 2594 639 2640 nova
659 2568 780 2665 gaudia
798 2593 898 2638 coenae

82 2690 160 2762 Nunc
176 2695 342 2788 primum,
360 2691 559 2785 dominaque
576 2690 668 2761 dedit
684 2713 883 2784 consurgere
898 2710 1029 2771 mensa,

83 2810 141 2898 Qu
154 2812 317 2883 celebrem
334 2836 407 2881 mea
424 2825 502 2880 vota
521 2810 617 2905 lyra?
633 2836 715 2905 quas
730 2807 857 2879 solvere
871 2820 980 2903 grates

82 2932 254 3003 Sufficiam?
271 2957 357 3021 non,
378 2934 407 3003 si
424 2934 549 3027 pariter
563 2932 646 3001 mihi
664 2933 787 3001 vertice
807 2928 882 2999 leto

83 3052 182 3123 uetat
196 3054 350 3123 adoratas
367 3066 402 3122 ct
419 3054 560 3146 Smyrna
580 3067 615 3121 et
629 3055 768 3120 Mantua
788 3046 918 3138 lauros,

81 3172 170 3265 Digna
185 3173 314 3268 loquar.
334 3172 455 3243 Mediis
471 3171 587 3241 videor
604 3171 811 3241 discumbere
827 3171 863 3239 in
878 3168 976 3239 astris

81 3291 147 3361 Cum
160 3298 259 3382 Jove,
280 3307 314 3363 et
329 3292 433 3362 iliaca
451 3306 640 3387 porrectum
658 3316 787 3361 sumere
803 3290 921 3360 dextra

81 3412 251 3484 Immortale
268 3438 410 3483 merum.
429 3411 564 3482 Steriles
581 3412 825 3495 transmisimus
844 3434 970 3497 anuos;

82 3532 142 3602 Hac
157 3538 216 3605 aevi
231 3536 315 3604 mihi
333 3535 441 3629 prima
458 3533 545 3624 dies,
563 3534 631 3601 haec
648 3530 764 3601 limina
781 3533 867 3600 vitae.

81 3652 153 3723 Tene
170 3680 251 3752 ego,
268 3668 427 3751 regnator
447 3669 609 3724 terrarum
628 3652 785 3745 orbisque
804 3650 932 3721 subacti

81 3770 183 3867 Magne
202 3801 343 3870 parens,
360 3790 413 3866 te,
434 3799 509 3870 spes
526 3774 722 3858 hominum,
744 3786 796 3861 tc,
813 3796 892 3841 cura
910 3772 1080 3859 Deorum,

81 3892 175 3965 Cerno
189 3894 324 3991 jacens?
344 3895 443 3965 datur
462 3896 525 3965 hac
542 3896 656 3990 juxta,
678 3893 777 3963 datur
794 3917 852 3961 ora
868 3891 954 3961 tueri

82 4011 153 4084 Vina
169 4018 270 4107 inter,
290 4041 504 4111 mensasque,
521 4032 555 4085 et
571 4041 640 4084 non
656 4039 828 4108 assurgere
845 4013 894 4083 fas
910 4010 983 4082 est?
