2934 4950
70 427 119 478 ea]
365 409 556 466 smmum
574 407 683 464 LIBER
704 409 741 462 11.
1036 403 1070 459 51

67 540 186 622 Pectore,
203 537 276 628 jam
295 533 414 628 prmdae
433 531 513 602 levis
529 533 690 602 imminet.
707 535 793 602 Ecce
808 531 925 601 citatos

66 655 182 724 ‚tdrertit
195 656 308 724 Diana
326 653 467 748 gradus,
486 652 566 722 durn
585 677 645 748 per
661 655 742 748 juga
758 666 885 748 septem

64 777 146 860 Errat,
160 775 401 868 Aventinaeque
417 771 495 870 legit
514 775 653 869 vestigia
669 771 782 854 cervae.

64 897 187 964 Ponituit
201 895 327 964 vidisse
341 899 469 980 Deam;
487 918 712 989 conversaque
729 894 811 964 fidas

64 1013 100 1082 dd
111 1017 233 1084 comites
251 1041 260 1083 ε
280 1017 536 1110 «Nunquamne
551 1013 656 1084 avidis
670 1015 790 1084 arcebo
809 1015 935 1109 rapinis

64 1137 112 1202 Hoc
125 1134 288 1228 petulans,
305 1135 494 1230 foedumque
513 1133 639 1230 pecus?
656 1157 832 1229 semperne
846 1134 960 1228 pudici

64 1256 208 1326 Deum
221 1257 309 1326 mibi
324 1257 424 1326 turba
440 1254 591 1326 chorii»
606 1255 662 1324 Sic
679 1254 801 1326 deinde
817 1253 927 1324 locuta

63 1376 204 1469 Depromit
222 1376 384 1471 pharetra
399 1375 504 1447 telum
517 1377 632 1464 breve,
650 1375 742 1471 quod
757 1400 865 1470 neque
881 1376 973 1446 flexis

64 1494 212 1584 Cornibus,
226 1510 286 1566 aut
304 1495 403 1566 solito
419 1511 553 1591 torquet
570 1496 727 1583 stridore;
745 1496 803 1566 sed
821 1521 889 1566 una

63 1613 152 1682 Emisit
169 1629 327 1685 contenta
343 1641 466 1704 manu,
484 1615 670 1710 laevumque
686 1639 841 1711 soporem

63 1733 157 1802 Naidos
171 1757 287 1806 aversa
304 1736 410 1806 fertur
426 1737 571 1831 tetigisse
587 1738 714 1832 sagitta.

64 1849 107 1920 Illa
119 1858 214 1924 Deam
231 1858 360 1950 pariter
377 1881 515 1952 surgens
531 1857 728 1952 hostemque
744 1871 939 1952 protervum

63 1971 144 2062 Vidit,
158 1989 188 2045 et
203 1978 239 2045 in
255 1977 400 2064 sontem,
418 1977 531 2046 niveos
547 2001 590 2046 ne
607 1976 769 2072 panderet
788 1991 900 2063 artus,

65 2093 130 2162 Sicut
146 2111 211 2166 erat
228 2122 309 2167 cum
327 2111 431 2184 veste,
447 2098 530 2184 ruit;
548 2099 740 2192 stagnisque
755 2097 817 2167 sub
834 2097 929 2186 altis,

65 2211 131 2282 Pana
142 2219 227 2311 sequi
243 2195 400 2304 credone,
417 2219 483 2287 ima
500 2215 586 2286 latus
605 2217 754 2313 implicat
772 2217 857 2315 alga.

97 2333 170 2424 Quid
186 2337 309 2407 faceret
326 2338 435 2407 subito
451 2337 607 2432 deceptus
623 2338 754 2434 praedo?
768 2363 830 2410 uec
847 2339 921 2410 altis

67 2451 177 2527 Credere
195 2485 317 2557 corpus
336 2461 430 2553 aquis
445 2459 541 2530 hirtae
557 2459 620 2529 sibi
634 2461 786 2531 conscius
801 2459 902 2530 audet

67 2572 148 2665 Petis,
161 2595 192 2650 et
206 2606 225 2650 a
240 2596 360 2651 tenero
377 2581 480 2650 nandi
497 2581 603 2671 rudis3
622 2582 736 2653 omnia
754 2596 890 2681 questus
912 2624 921 2661 ,

67 2695 195 2767 Innitens
210 2704 343 2790 Brimo,
359 2716 475 2798 stagna
497 2702 629 2793 invida,
646 2716 679 2771 et
695 2700 809 2770 invida
825 2700 906 2789 tela;

66 2812 222 2890 Prinaram
237 2824 313 2893 visu
330 2821 518 2917 platanum,
534 2824 589 2893 cui
607 2822 705 2918 longa
726 2846 876 2918 propago

65 2930 283 3037 Innumeraeque
300 2968 435 3032 manus,
453 2958 486 3013 et
503 2944 609 3013 iturus
629 2944 664 3012 in
683 2943 805 3015 athera
823 2958 949 3030 vertex,

66 3052 192 3149 Deposuit
204 3062 315 3156 juxta,
332 3065 508 3159 vivamque
527 3064 668 3160 aggessit
686 3088 838 3151 arenam,

67 3172 226 3274 Optatisque
239 3186 388 3279 aspergit
401 3186 510 3281 aquis,
527 3199 560 3254 et
580 3183 659 3253 talia
676 3184 814 3255 mandat
831 3212 840 3255 z

98 3298 195 3369 «Vua
214 3302 288 3393 diu,
307 3306 413 3375 nostri
431 3307 552 3400 pignus
567 3304 782 3375 memorabile
798 3308 882 3393 voti,

67 3413 159 3500 drbor3
174 3436 203 3489 et
219 3424 289 3494 haeo
308 3424 399 3495 durae
415 3425 578 3495 latebrosa
597 3425 718 3497 cubilia
739 3426 892 3521 nymphae

67 3529 101 3599 Tu
113 3535 211 3610 saltem
226 3543 367 3615 declinis
383 3570 476 3633 ama,
491 3562 524 3617 et
540 3572 654 3641 preme
671 3546 845 3617 frondibus
866 3546 999 3616 undam.

66 3646 107 3718 Illa
119 3659 237 3749 quidem
250 3666 388 3753 meruit3
405 3666 463 3735 sed
480 3692 542 3755 ne,
560 3693 692 3762 precor,
709 3670 786 3763 igne
801 3692 945 3762 superno

66 3770 172 3866 derret,
188 3800 242 3854 aut
260 3785 348 3855 dura
362 3786 500 3857 feriatur
514 3788 696 3885 grandine3
715 3802 846 3858 tantum

66 3887 243 3991 spargerem
261 3905 414 3996 laticem,
430 3924 462 3977 et
479 3908 565 3978 foliis
584 3909 717 3979 turbare
732 3924 909 3978 memento.

65 4006 132 4085 Tunc
145 4044 198 4115 ego
216 4038 313 4121 teque
332 4025 391 4095 diu
407 4026 564 4118 recolam,
581 4028 817 4123 dominamque
832 4029 984 4123 benignae

887 4156 919 4235 4.
