2934 4950
24 403 75 458 (ν.
97 401 192 464 655.)
372 394 718 454 THEBAIDOSLIBER
738 395 805 452 ΧΠ.
1064 401 1120 457 253

24 528 247 612 Nubibus,
261 541 295 594 et
316 525 462 594 tonitrus
479 525 663 618 insanaque
681 521 823 592 fulmina
841 522 998 620 gaudent.
1037 581 1042 595 .

100 648 313 744 Ictagemit
331 645 452 714 tellus:
469 644 590 714 virides
606 647 718 740 gravis
737 645 865 756 ungula
885 671 1023 742 campos
1074 734 1079 741 ι

25 775 196 857 Mutat,
212 784 244 840 et
260 768 446 874 innumeris
462 764 681 860 peditumque
696 769 914 863 equitumque
932 771 1074 838 catervis

29 893 227 986 Exspirat
245 890 408 985 protritus
424 911 517 982 ager,
534 911 596 956 nec
612 885 751 982 pulvere
769 913 881 958 crasso

33 1019 252 1084 Armorum
272 1011 330 1080 lux
349 1011 435 1080 victa
452 1009 558 1103 perit,
576 1008 686 1079 sedin
706 1010 830 1082 aethera
847 1009 989 1108 longum

33 1136 262 1229 Frangitur,
279 1147 314 1204 et
332 1131 455 1206 mediis¹
467 1129 587 1200 ardent
604 1130 639 1200 in
659 1131 807 1203 nubibus
825 1134 939 1202 hastae.

35 1259 214 1326 Noctem
230 1254 329 1344 adeo,
346 1252 559 1348 placidasque
577 1255 672 1348 operi
687 1253 832 1346 junxere
851 1257 1024 1345 tenebras,
1092 1309 1095 1312 -
1167 1241 1170 1246 Ι

36 1381 317 1471 Certamenque
331 1377 480 1446 immane
499 1377 603 1466 viris,
619 1399 688 1471 quo
705 1378 840 1446 concita
856 1379 998 1448 tendant

40 1503 233 1596 Agmina,
252 1499 327 1593 quis
345 1500 431 1568 visas
450 1498 635 1594 proclamet
654 1498 697 1568 ab
715 1523 837 1594 aggere
854 1500 1005 1587 Thebas,

42 1624 174 1716 Cujus
193 1623 227 1690 in
246 1620 379 1716 Ogygio
394 1634 456 1690 stet
475 1621 631 1715 princeps
650 1618 766 1690 lancea
787 1645 894 1690 muro.
954 1600 956 1603 ¹

112 1747 162 1814 At
180 1741 297 1839 procul
313 1743 441 1836 ingenti
459 1742 654 1836 Neptunius
673 1742 810 1837 agmina
827 1743 976 1812 Theseus

48 1873 240 1960 Angustat
256 1864 393 1960 clypeo,
411 1866 622 1959 propriaeque
639 1863 778 1933 exordia
795 1863 924 1954 laudis,

50 1993 217 2058 Centum
232 1987 333 2056 urbes
351 1984 497 2083 umbone
515 1986 617 2081 gerit,
638 1999 848 2080 centenaque
863 1989 973 2059 cretae

51 2110 214 2196 Moenia3
230 2131 331 2202 seque
350 2108 460 2203 ipsum
480 2107 659 2176 monstrosi
681 2107 878 2202 ambagibus
896 2111 985 2184 antri

53 2229 210 2325 Hispida
229 2241 440 2323 torquentem
460 2227 618 2298 luctantis
634 2225 722 2297 colla
737 2227 893 2322 juvenci,

58 2351 291 2445 Alternasque
308 2375 427 2421 manus
446 2351 592 2438 circum,
610 2365 644 2420 et
661 2347 789 2446 nodosa
806 2350 967 2446 ligantem

57 2476 231 2564 Brachia,
248 2488 281 2545 et
300 2474 445 2544 abducto
464 2476 627 2544 vitantem
644 2498 771 2544 cornua
789 2472 898 2545 vultu.

58 2602 193 2667 Terror
213 2598 313 2667 habet
331 2594 493 2691 populos,
513 2620 618 2690 quum
637 2610 750 2692 septus
770 2597 917 2691 imagine
939 2612 1036 2666 torva

58 2718 261 2815 Ingreditur
278 2742 408 2813 pugnas
425 2744 433 2787 :
450 2715 503 2788 bis
521 2718 669 2804 Thesea,
690 2718 809 2813 bisque
829 2732 986 2787 cruentas

60 2844 167 2913 Caede
188 2843 302 2913 videre
321 2867 463 2913 manus:
483 2856 608 2913 veteres
625 2842 853 2912 reminiscitur
869 2855 963 2912 actus

62 2969 144 3060 Ipse
165 2980 262 3034 tuens
276 2966 471 3059 sociumque
484 2988 634 3060 gregem,
649 2962 896 3059 metuendaque
915 2964 1086 3058 quondam

62 3089 222 3176 Limina,
239 3102 272 3157 et
289 3088 443 3157 absumto
462 3078 642 3181 pallentem
663 3086 831 3158 Gnossida
848 3085 916 3155 filo.

120 3212 234 3277 Saevus
253 3223 289 3278 at
309 3210 437 3279 interea
454 3208 544 3279 serro
562 3223 640 3304 post
658 3222 755 3303 terga
772 3209 936 3277 revinctas

65 3332 278 3426 Antigonen,
296 3329 500 3425 viduamque
516 3332 629 3399 Creon
647 3328 827 3400 Adrastida
843 3327 909 3399 leto

67 3450 236 3521 Admovet
250 3478 257 3519 :
273 3452 378 3521 ambae
389 3450 533 3540 hilares,
552 3467 586 3521 et
604 3452 721 3521 mortis
740 3476 854 3521 amore
875 3438 1042 3546 superbae,

67 3574 213 3643 Ensibus
231 3574 398 3645 intentant
412 3571 569 3670 jugulos,
591 3598 773 3669 regemque
790 3552 967 3643 cruentum

68 3696 286 3781 Destituunt;
304 3720 409 3790 quum
429 3696 516 3765 dicta
537 3695 647 3765 ferens
664 3694 805 3765 Theseia
821 3695 969 3789 Phegeus

73 3816 230 3885 Adstitit:
248 3812 303 3884 ille
317 3816 454 3911 quidem
471 3819 572 3887 ramis
590 3818 732 3887 insontis
749 3814 845 3885 olivae

69 3936 245 4026 Pacificus,
262 3939 319 4007 sed
336 3937 420 4008 bella
438 3940 520 4026 ciet,
535 3937 728 4033 bellumque
746 3938 909 4026 minatur,

70 4059 206 4129 Grande
214 4060 376 4153 fremens,
388 4063 597 4157 nimiumque
607 4086 737 4133 memor
747 4060 951 4149 mandantis,
961 4077 993 4131 et
1004 4065 1112 4158 ipsum
