2934 4950
108 438 215 503 (¹423.)
414 437 629 494 mimos
647 435 758 492 mun
778 436 830 492 111.
1094 430 1149 487 235

107 567 304 660 Ominaque,
321 579 356 634 et
369 587 486 634 cauam
502 561 589 634 ooelo
604 562 734 634 defmre
750 560 892 632 latentes

107 689 292 782 Accipimus
307 711 406 757 :non
425 687 555 780 Cyrrha
573 673 684 755 Deum
704 684 895 778 promiserit
913 696 1012 756 antro

106 811 252 894 Certim,
270 824 333 878 aut
349 807 485 880 frondes
505 806 589 879 lucis
604 831 688 902 quas
703 807 791 898 fama
811 804 966 876 Molossis

106 931 268 1001 Chaonias
284 932 436 1000 sonuisse
454 929 517 999 tibi
534 955 543 998 ε
561 927 641 999 licet
659 927 773 999 andus
792 932 961 1000 Hammon

105 1051 268 1139 inrideat,
282 1055 468 1146 Lyciasque>
479 1065 603 1146 parent
622 1039 827 1120 contendere
847 1066 973 1137 sortes,

104 1173 337 1268 Niliacumque
354 1197 476 1268 pctus,
492 1173 670 1267 patrioque
687 1169 823 1266 equalis
841 1172 963 1246 honori

104 1298 295 1382 branchos,
313 1311 348 1366 et
365 1294 503 1365 undm
520 1296 580 1388 qni
597 1294 744 1364 rusticus
764 1292 876 1365 accola
893 1297 974 1365 Pisas

105 1419 188 1484 Pana
211 1416 381 1510 Lycaonia
397 1429 604 1486 nocturnum
620 1414 759 1485 exaudit
775 1417 811 1485 in
831 1417 962 1486 umbra.

104 1537 213 1605 Ditior
229 1534 286 1605 ille
303 1538 432 1623 animi,
447 1538 503 1608 cui
520 1550 578 1624 tn,
594 1538 736 1626 Dictae,
755 1536 918 1609 secundas

104 1655 279 1751 impuleris
299 1657 494 1728 manifestus
510 1683 589 1728 aves
606 1659 757 1728 :mirum
774 1659 880 1749 unde,
897 1660 956 1730 sed
973 1659 1053 1731 olim

17 1774 18 1797 i
103 1782 163 1849 Hic
180 1781 292 1850 honor
308 1778 446 1852 alitibus
462 1807 471 1849 :
490 1805 619 1875 supera
640 1806 699 1850 seu
720 1779 877 1852 conditor
893 1779 978 1852 auiae

17 1898 18 1935 i
104 1903 155 1971 Sir
174 1901 285 1987 dedit,
301 1901 446 1972 effusum
464 1903 577 1972 Chaos
590 1905 626 1972 in
646 1929 736 1972 nova
752 1905 879 1976 semina
895 1919 1022 1991 texens,
1116 1981 1120 1995 β
1146 1892 1154 1905 ’

17 2010 18 2041 ⁴
105 2026 165 2094 Seu
183 2025 263 2118 quia
280 2037 431 2112 munte,
447 2039 630 2120 nostraque
647 2025 690 2095 ab
710 2026 842 2121 origine
860 2027 965 2095 versis

105 2145 309 2241 Corporibus
328 2145 461 2216 subiere
477 2139 600 2233 Notos3
618 2171 679 2217 seu
695 2149 813 2241 purior
830 2149 917 2237 axis,

104 2273 326 2361 Amotumque
343 2267 452 2355 nesus,
468 2281 503 2336 et
520 2293 635 2337 rarum
652 2269 806 2340 insistere
823 2271 919 2344 tersis

103 2391 186 2458 Vera
204 2386 329 2460 docent
347 2415 354 2457 :
373 2390 436 2460 tibi
451 2414 583 2464 summe
590 2405 690 2460 sator
707 2405 872 2487 terraeque
889 2395 1082 2483 Deumque,

105 2513 192 2582 Scire
206 2512 312 2583 lieet:
337 2537 400 2584 nos
418 2511 582 2609 Argolicis
600 2513 946 2610 primordia-pugne,

102 2636 356 2730 Ventorumque
373 2638 464 2705 sinas
482 2633 567 2705 coelo
583 2660 753 2730 praenosse
771 2634 940 2706 laborem.

25 2798 30 2813 ·
104 2755 136 2823 Si
154 2756 266 2846 datur,
279 2772 315 2825 et
329 2755 424 2826 duris
442 2756 534 2827 sedet
548 2758 622 2827 haec
642 2759 810 2828 sententia
829 2760 943 2829 Parcis

105 2875 238 2947 Solvere
252 2879 434 2949 Fcbionias
451 2881 591 2949 tamea
609 2879 750 2975 cuspide
769 2895 898 2976 portas,

105 2998 202 3093 Signa
217 2999 323 3089 feras,
340 3000 508 3095 laevusque
529 3014 624 3070 tones
643 3027 652 3070 s
671 3016 755 3072 tnnc
773 3005 883 3072 omnis
901 3003 936 3072 in
953 3005 1051 3072 astris

106 3120 273 3221 Consonet
289 3145 411 3193 arcana
425 3120 572 3191 volucris
588 3122 678 3192 bona
692 3148 868 3193 murmura
886 3123 1011 3219 lingna.
1158 3190 1165 3203 χ

106 3240 137 3308 si
153 3243 327 3335 prohibes,
346 3243 402 3312 hie
419 3257 517 3313 necte
534 3268 646 3314 moras
659 3245 873 3341 :dextrisque
888 3244 1095 3341 profundum
1119 3310 1123 3316 .

105 3360 243 3433 Alitibus
260 3380 406 3459 praetexe
421 3364 521 3435 diem.
533 3396 552 3432 s
568 3366 625 3437 Sic
643 3366 745 3456 fatus,
764 3382 798 3436 et
814 3365 884 3436 alto

105 3484 252 3554 Membra
269 3484 359 3555 locat
373 3485 513 3581 scopulo
530 3513 540 3558 r
558 3502 640 3557 tunc
656 3487 756 3582 plura
775 3490 957 3583 ignotoque
973 3489 1087 3585 jungit

105 3605 266 3697 Numina,
284 3622 320 3679 et
331 3608 488 3679 immensi
508 3610 634 3681 fruitur
650 3609 794 3706 caligine
814 3610 941 3679 mundi.

149 3729 332 3823 Postquam
348 3730 412 3801 rite
430 3727 491 3800 diu
505 3731 622 3826 partiti
639 3730 766 3821 sidera,
784 3747 922 3801 cunetas

107 3846 426 3944 Perlegereaoimis,
444 3850 618 3949 oculisque
638 3854 837 3946 sequacibus
858 3878 975 3943 auras,

105 3968 196 4038 Tunc
215 3972 459 4066 Amythaonius
480 3973 582 4071 longo
601 3991 677 4071 post
694 3990 846 4071 tempore
866 3991 957 4045 vates
970 3988 981 4045 :'

16 4098 19 4115 ¹
151 4094 380 4168 «Nonnesub
397 4094 528 4168 excelso
548 4098 707 4191 spirantis
724 4096 831 4168 limite
849 4098 941 4188 coeli,
1021 4076 1023 4084 ¹
