2934 4950
71 478 176 537 (nuit.)
377 471 590 528 Tfluunmos
611 471 724 528 LIBER
741 475 793 528 111.

71 608 110 672 Et
131 599 283 670 thalamis
301 601 431 696 potiare
446 599 575 692 jacens,
592 596 749 667 sileamus
764 597 862 668 inulti
922 659 924 664 .

71 719 197 818 Tydeos
212 723 338 817 egregii
354 718 541 817 perfossum
561 719 704 814 pectus?
720 733 754 789 et
772 745 864 790 arma

71 845 211 914 Foederis
226 839 388 936 abrupti?
405 841 498 936 quod
516 843 545 911 si
559 838 647 911 bella
663 841 764 912 effera
781 844 903 914 Graios
961 899 965 908 .

72 971 166 1036 Ferre
185 980 293 1054 vetas,
314 965 326 1032 i
344 962 499 1033 Sidonias
517 961 647 1058 legatus
663 961 705 1032 ad
725 963 834 1034 urbes.

73 1094 146 1158 Hac
160 1113 278 1184 pacem
298 1086 359 1157 tibi
376 1101 463 1156 serta
483 1085 613 1155 dabunt
630 1113 638 1154 :
657 1101 716 1155 tua
733 1088 980 1181 prorsusiuani

74 1211 179 1280 Verba
195 1209 275 1305 poio
291 1233 426 1298 causas,
444 1209 664 1301 abstrusaque
680 1208 809 1277 semina
823 1231 937 1277 rerum

75 1331 238 1402 Eiiciunt?
259 1332 395 1400 miseret
411 1333 599 1425 Superum,
619 1333 647 1399 si
661 1332 811 1400 earmina
828 1355 935 1417 curae,

75 1457 299 1548 Humanarque
317 1477 432 1547 preces
447 1479 456 1521 ε
469 1453 553 1546 quid
573 1453 695 1522 inertia
712 1467 851 1548 pectora
867 1453 993 1522 terres?

75 1577 202 1644 Primus
220 1576 255 1644 in
272 1576 354 1644 orbe
369 1578 460 1644 Deos
476 1574 556 1644 iecit
570 1576 669 1644 timor
687 1591 743 1646 :et
761 1575 823 1645 tibi
839 1589 914 1644 tuto

78 1699 170 1766 Nunc
182 1712 238 1766 eat
255 1699 317 1766 iste
333 1696 429 1765 furor
444 1723 452 1765 :
467 1695 526 1765 sed
541 1698 651 1791 prima
668 1697 712 1766 ad
726 1695 863 1767 classica
880 1721 985 1792 quum
998 1697 1068 1790 jam

13 1852 18 1927 ὲ
78 1818 235 1888 Hostilem
253 1821 411 1888 Ismenon
431 1817 534 1914 galeis
555 1819 749 1913 Dircenque
769 1819 937 1909 bibemus,

14 1968 15 1981 2
79 1943 126 2008 Ne
141 1942 222 2011 mihi
242 1955 343 2028 tunc,
361 1965 504 2028 moneo,
523 1938 625 2010 lituos
643 1955 744 2036 atque
762 1967 855 2011 arma
871 1939 1017 2024 volenti,

81 2061 202 2130 Obvius
220 2062 270 2131 ire
287 2086 406 2156 pares,
422 2061 598 2156 ventisque
617 2078 676 2133 aut
696 2060 775 2132 alite
795 2064 864 2132 visa

83 2181 246 2252 Bellorum
265 2183 417 2277 proferre
433 2181 523 2252 diem
539 2209 547 2251 ε
566 2183 685 2279 procul
704 2185 775 2262 haec
792 2185 854 2253 tibi
869 2182 980 2254 moltis

83 2303 200 2393 Infula,
213 2304 419 2399 terrificique
436 2305 544 2374 aberit
563 2304 731 2376 dementia
748 2307 876 2376 Phoebi.
926 2349 927 2354 κ

85 2424 149 2495 tttic
168 2452 279 2523 augur
297 2452 376 2524 ego,
394 2441 427 2497 et
444 2451 578 2498 mecum
600 2429 795 2523 quicunque
815 2427 923 2524 parati

86 2552 226 2619 insanire
242 2574 356 2619 mauu.
373 2580 390 2613 r
414 2554 546 2621 Rursus
567 2550 681 2645 fragor
701 2552 834 2619 intonat
853 2551 971 2645 ingens

88 2673 302 2758 florentum,
321 2687 357 2741 et
373 2687 469 2742 vasto
487 2672 603 2740 subter
620 2668 710 2740 volat
725 2686 816 2741 astra
835 2670 992 2741 tumultu.

128 2798 172 2866 Ut
185 2792 325 2895 rupidus
342 2808 492 2884 torrens,
511 2795 641 2866 animos
658 2796 712 2865 cui
730 2820 834 2865 verna
853 2797 1045 2865 ministrant
1074 2842 1077 2847 ι

25 2896 31 2905 ’
89 2916 244 3007 Flamina,
262 2934 299 2988 et
316 2919 409 2988 exuti
426 2932 584 2987 concreto
601 2918 726 3015 frigore
745 2917 865 3008 colles,

91 3040 192 3128 Quum
209 3068 315 3137 vagus
334 3043 370 3111 in
390 3064 526 3134 campos
543 3040 668 3110 frustra
686 3039 944 3136 prohibentibus
961 3038 1030 3108 exit

93 3162 269 3255 Objicibus,
285 3176 447 3233 resonant
464 3162 633 3257 permixto
652 3162 787 3232 turbine
802 3177 909 3251 tecta3

94 3286 187 3373 Arva,
204 3297 379 3373 armenta,
397 3285 482 3371 viri,
503 3283 612 3354 donec
633 3286 726 3354 stetit
744 3283 918 3380 improbus
936 3281 1005 3353 alto

95 3402 176 3474 fatte
192 3408 317 3494 minor,
336 3431 528 3501 magnoque
544 3407 675 3477 invenit
691 3407 727 3475 in
742 3431 866 3503 aggere
883 3409 983 3503 ripas.

96 3526 163 3595 Huc
179 3528 308 3599 alterna
328 3527 454 3597 ducum
471 3553 539 3596 nox
558 3526 720 3597 interfusa
737 3527 883 3597 diremit

27 3717 30 3724 ,
136 3652 177 3719 At
193 3652 339 3746 gemitus
352 3650 456 3746 Argia
475 3652 539 3719 viri
557 3619 627 3719 nbn
647 3647 792 3745 amplius
807 3675 903 3744 aequo
934 3718 936 3723 ,

100 3770 193 3841 Corde
211 3773 342 3861 ferens,
359 3773 554 3865 sociumque
575 3772 689 3841 animo
706 3772 863 3840 miserata
880 3769 1051 3858 dolorenrq

100 3891 179 3961 Sicut
197 3908 269 3963 erat
287 3878 422 3988 pridem
439 3890 558 3963 laceris
579 3893 715 3964 turbata
737 3890 879 3988 capillis,

102 4014 137 4079 Et
149 4012 224 4083 fletu
241 4017 372 4112 signatu
388 4040 506 4111 genas,
522 4014 565 4084 ad
583 4012 670 4085 celsa
689 4013 827 4083 verendi

102 4130 166 4201 Ibat
180 4150 264 4205 tecta
284 4138 408 4230 patris,
427 4160 636 4231 parvumque
653 4135 716 4205 suh
736 4137 840 4206 ubere
859 4161 937 4206 caro
990 4176 993 4183 ·

231 4282 250 4325 ι.
935 4253 977 4328 16
