2934 4950
88 362 181 459 (tui
384 391 601 449 arsames
623 392 733 451 aman
754 394 834 449 rur.

88 528 245 618 Saevaque
263 520 459 591 multisonas
477 535 608 589 exercet
627 523 729 590 Poena
748 534 891 589 catenas.

87 648 166 713 Fata
182 642 295 719 ferunt
310 643 453 729 animas,
472 654 507 710 et
523 640 641 711 eodem
658 640 780 735 pollice
796 640 966 709 damnant.

86 764 200 831 Vincit
216 787 301 858 opus
317 763 563 856 :juxtaMinos
579 786 656 831 curn
674 762 779 831 fratre
796 760 944 831 verendo

86 887 166 951 Jura
183 882 293 951 bonus
311 880 448 952 meliora
466 898 596 971 monet,
612 908 790 977 regemque
810 896 988 952 cruentum

85 1007 264 1099 Temperat
279 1030 288 1073 ε
308 1001 473 1073 adsistunt
488 1001 640 1098 lacrymis
656 1018 758 1098 atque
773 1006 1034 1099 igue-tumentes

85 1128 230 1219 Cocytos
247 1124 539 1221 Phlegethonque
557 1139 591 1194 et
609 1127 689 1219 Styx
707 1126 854 1220 perjuria
869 1126 995 1196 Divum

85 1248 215 1341 Arguit.
235 1245 296 1316 Ille
315 1262 426 1316 autem
444 1272 565 1342 supera
584 1270 747 1341 compage
764 1245 890 1333 soluta,

85 1370 157 1437 Nec
178 1366 295 1441 solitus
316 1370 438 1439 sentire
458 1384 583 1457 metus,
602 1368 734 1463 expavit
753 1368 873 1437 oborta

23 1476 25 1485 ¹
84 1482 220 1576 Sidera,
238 1488 455 1595 jucundaque
473 1488 620 1560 offensus
637 1488 710 1559 luce
727 1490 903 1585 profatur:
945 1552 948 1566 ,

133 1641 150 1675 α
162 1610 249 1698 Quae
269 1612 434 1705 Superum
452 1609 542 1681 labes
561 1613 733 1681 inimicum
751 1613 894 1706 impegit
913 1614 1047 1681 Averno

84 1731 247 1802 AEtheral
267 1734 341 1827 quis
361 1734 487 1828 rumpit
506 1732 679 1803 tenebras?
696 1734 839 1827 vitaeque
855 1732 995 1803 silentes·

84 1852 276 1925 Admovet?
294 1852 383 1924 unde
397 1853 517 1924 mima?
534 1869 608 1925 uter
625 1854 695 1923 haec
713 1854 796 1922 mihi
814 1853 932 1947 proelia
948 1852 1109 1923 fratrum?

83 1974 318 2071 congredior:
338 1978 476 2070 pereant
495 1974 638 2071 agedum
656 1974 847 2045 discrimina
867 1998 989 2044 rerum.

83 2101 116 2167 N
119 2124 177 2167 am
197 2100 253 2167 cui
273 2097 371 2168 dulce
390 2097 519 2192 magis?
538 2122 660 2191 magno
679 2120 732 2165 me
749 2098 847 2166 tertia
866 2098 993 2166 victum

83 2219 219 2313 Dejecit
238 2217 373 2288 fortuna
388 2217 484 2313 polo,
505 2218 733 2311 mundumque
752 2232 927 2286 nocentem

83 2344 217 2410 Servo:
235 2364 295 2409 nec
309 2342 368 2409 iste
389 2364 500 2429 meus,
518 2340 667 2433 dirisque
684 2364 726 2406 en
746 2340 880 2433 pervim
898 2338 994 2406 astris

83 2438 280 2558 Inspicitur.
300 2460 506 2533 Tumidusne
524 2487 614 2533 meas
631 2475 792 2557 regnator
811 2457 948 2554 Olympi

85 2582 248 2680 Explorat
262 2581 498 2653 viresl'habeo
511 2585 581 2679 jam
600 2607 720 2678 quassa
737 2584 924 2678 Gigantum

85 2704 252 2793 Vincula,
273 2719 305 2773 et
323 2705 505 2774 aethereum
524 2704 663 2800 cupidos
681 2705 772 2772 exire
791 2702 853 2771 sub
870 2726 963 2771 axem

84 2828 243 2913 Titanas,
262 2827 483 2920 miserumque
500 2840 629 2919 patrem
647 2850 655 2892 τ
674 2823 755 2918 quid
771 2847 825 2891 me
844 2824 913 2890 otia
930 2835 1046 2890 moesta
1166 2840 1170 2853 ¹

84 2949 218 3032 Saevus,
237 2961 271 3015 et
286 2946 494 3041 implacidam
514 2946 672 3042 prohibet
690 2944 837 3039 perferre
856 2941 1024 3036 quietem?

83 3059 321 3162 amissumque
339 3066 448 3136 odisse
466 3066 572 3137 dian?
588 3065 733 3162 pandam
750 3067 864 3134 omnia
881 3088 1001 3158 regna,

84 3192 120 3258 Si
140 3188 270 3285 placet,
289 3203 322 3258 et
341 3190 457 3283 Stygio
476 3203 652 3282 praetexam
667 3188 859 3282 Hyperiona
877 3177 971 3251 ooelo.

85 3309 220 3380 Arcada
238 3333 299 3378 nec
318 3311 452 3403 Superis
470 3309 573 3405 (quid
588 3311 678 3377 enim
696 3308 780 3377 mihi
799 3307 938 3376 nuntius
956 3304 1088 3374 ambae

85 3434 184 3526 Itque
202 3429 355 3524 reditque
375 3428 532 3524 dommi)
550 3431 719 3516 amittam,
738 3444 771 3497 et
790 3443 972 3521 utrumque
989 3426 1110 3495 tenebo

85 3548 315 3646 Tyndariden.
335 3553 405 3621 Cur
422 3565 533 3620 autem
552 3547 655 3618 avidis
673 3552 792 3618 lxiona
810 3549 930 3644 frango

86 3669 306 3742 Vorticibus?
324 3697 385 3741 cur
402 3697 469 3740 non
490 3686 682 3766 exspectant
698 3668 863 3740 Tantalon
885 3667 1001 3739 undae?

88 3799 186 3862 Anne
205 3790 420 3886 profanatum
437 3794 534 3861 toties
552 3793 664 3864 Chaos
681 3793 813 3886 hospite
831 3791 908 3860 vivo

89 3913 286 4009 Perpetiar?
300 3939 353 4003 me
369 3915 510 3983 Pirithoi
528 3916 724 3983 temerarius
740 3911 842 3982 ardor

90 4035 229 4120 Tentat,
248 4050 280 4104 et
296 4034 414 4103 audaci
431 4017 588 4104 Theseus
591 4034 722 4129 juratus
743 4035 874 4103 amico:

1075 410 1128 462 ¹17
