2934 4950
364 459 384 517 l
667 442 882 502 annuamus
905 439 1015 496 LIBER
1035 437 1083 492 IV.
1303 425 1382 487 (tsstl

415 575 506 644 Idem
523 574 671 658 habitus,
690 569 807 640 eadem
824 589 917 634 arma
933 565 1023 652 viro,
1043 583 1116 654 quae
1135 557 1264 626 debitus
1280 553 1385 652 hospes

364 696 513 765 Hiberna
533 692 595 762 sub
612 705 710 759 nocte
728 687 815 757 tulit.
833 683 1051 754 Theumesius
1070 675 1186 772 implet

364 820 473 909 Terga
490 813 543 882 leo
562 839 570 881 τ
588 811 722 906 gemino
739 807 854 876 lucent
870 801 1002 873 hastilia
1019 800 1130 869 ferro:

363 939 489 1028 Aspera
506 931 665 1001 vulnifico
685 930 800 999 subter
817 926 901 995 latus
921 948 998 993 ense
1015 923 1101 1015 riget
1118 917 1256 1011 Sphinx.
1354 1015 1357 1022 Ι

363 1058 436 1123 Jam
457 1076 599 1147 regnum
616 1051 806 1142 matrisque-
817 1047 925 1130 sinus,
945 1041 1094 1134 fidasque
1114 1059 1243 1108 sorores

365 1177 431 1266 Spe
447 1173 600 1265 votisque
617 1185 731 1241 tenet:
749 1183 862 1236 tamen
880 1177 914 1233 et
931 1162 973 1231 de
990 1176 1083 1230 turre
1101 1180 1255 1250 suprema

362 1295 566 1380 Attonitam,
584 1306 721 1384 totoque
737 1301 923 1357 exstantem
939 1306 1080 1376 corpore
1098 1278 1197 1372 longe

362 1415 511 1507 Respicit
527 1414 679 1514 Argian:
698 1410 768 1478 haec
786 1421 931 1476 mentem
949 1400 1130 1493 oculosque
1148 1397 1278 1468 reducit

363 1535 540 1628 Conjugis,
558 1548 592 1601 et
609 1530 723 1598 dulces
744 1529 864 1597 avertit
884 1540 1017 1620 pectore
1036 1521 1175 1590 Thebas.

410 1659 496 1724 Ecce
513 1656 600 1721 inter
617 1650 743 1721 medios
761 1650 876 1743 patriae
894 1648 959 1715 ciet
977 1645 1110 1738 agmina
1126 1641 1236 1735 gentis

362 1773 557 1842 Fulmineus
576 1771 725 1865 Tydeus3
742 1772 811 1864 jam
828 1767 939 1851 laetus,
958 1781 992 1834 et
1011 1766 1139 1864 integer
1156 1775 1264 1843 artus,

361 1898 410 1965 Ut
430 1895 574 1988 primum
592 1907 762 1986 strepuere
780 1889 867 1958 tubae
881 1914 890 1956 t
906 1886 1131 1956 ceulubricus
1150 1883 1216 1953 alta

362 2015 490 2107 Anguis
507 2013 610 2081 humo
630 2011 724 2079 verni
741 2008 862 2077 blanda
880 2008 1120 2103 adspiramina
1139 2005 1217 2076 solis

364 2133 526 2228 Erigitur,
545 2131 628 2201 liber
645 2133 757 2219 senio,
778 2145 812 2200 et
827 2128 1055 2223 squalentibus
1072 2130 1169 2198 annis

362 2229 506 2340 Enutus,
524 2250 672 2345 laetisque
689 2251 802 2320 minax
821 2250 995 2318 interviret
1015 2249 1147 2318 herbis:
1218 2275 1220 2278 ·

363 2373 419 2443 Ab
436 2367 550 2442 miser!
569 2386 736 2466 agroetum
755 2370 782 2438 si
800 2371 874 2463 quis
895 2392 954 2463 per
973 2395 1109 2463 gramen
1128 2371 1234 2439 hianti

363 2494 508 2581 Obvius,
527 2508 562 2562 et
578 2494 689 2587 primo
705 2492 878 2561 siccaverit
896 2515 956 2560 ora
975 2516 1111 2562 veneno.

412 2615 500 2685 Huic
517 2637 651 2708 quoque
670 2627 864 2708 praestantes
881 2610 999 2681 AEtolis
1018 2613 1156 2683 urbibus
1174 2612 1272 2681 affert

363 2731 446 2804 belli
467 2734 554 2804 fama
572 2734 661 2804 viros
679 2734 806 2803 :sensit
823 2731 998 2827 scopulosa
1015 2733 1171 2829 Pylene,

364 2854 521 2949 Fletaqne
540 2856 689 2950 cognatis
705 2855 821 2923 avibus
838 2851 1021 2949 Meleagria
1039 2852 1204 2943 Pleuron,

364 2981 406 3047 Et
426 2999 573 3072 praeceps
592 2973 759 3069 Calydon,
780 2989 813 3045 et
832 2999 905 3068 quae
925 2979 1007 3045 Jove
1028 2978 1288 3070 provocatlden

364 3096 506 3186 Olenos,
524 3097 632 3166 Ioniis‘
647 3110 681 3164 et
699 3094 858 3164 fluctibus
878 3096 1010 3189 hospita
1029 3111 1129 3190 portu

364 3216 514 3311 Chalcis,
531 3230 565 3286 et
578 3198 741 3286 Herculea
760 3229 915 3311 turpatus
933 3217 1096 3311 gymnade
1112 3215 1225 3287 vultus

299 3349 303 3355 ’
348 3322 498 3426 ΔΑηιιιίε;
517 3340 629 3409 adhuc
647 3339 723 3407 imis
739 3338 793 3407 vix
810 3352 963 3407 truncam
982 3337 1137 3407 attollere
1154 3338 1297 3409 frontem

364 3464 474 3530 Ausus
493 3462 602 3554 aquis,
619 3457 806 3553 glaucoque
823 3473 926 3553 caput
944 3459 1134 3529 submersus
1156 3462 1189 3529 in
1209 3476 1307 3530 antro

364 3581 486 3649 Moeret
502 3605 510 3647 :
529 3578 723 3648 anhelantes
742 3594 928 3675 agrescunt
941 3578 1083 3674 'pulvere
1103 3582 1194 3675 ripae.

414 3700 582 3770 Omnibus
596 3715 703 3769 aeratae
721 3715 937 3796 propugnant
953 3716 1089 3796 pectora
1107 3718 1233 3791 crates3

364 3820 503 3915 Pilaque
521 3846 607 3891 saeva
622 3843 744 3909 manu,
763 3822 891 3917 patrius
910 3837 976 3891 stat
994 3823 1120 3892 casside
1138 3827 1284 3895 Mavors.

364 3943 525 4037 Undique
542 3944 792 4039 magnanimum
811 3945 917 4037 pubes
936 3942 1063 4015 delecta
1085 3963 1262 4047 coronant·

365 4064 540 4152 OEniden,
560 4064 700 4134 hilarem
717 4064 824 4151 bello,
842 4066 997 4160 notisque
1017 4066 1177 4137 decorum
