2934 4950
323 425 391 504 212*
632 449 847 506 nunnamos
868 450 980 506 amun
1000 449 1053 508 iu.
1253 451 1289 514 p.
1303 455 1375 514 ηε)

370 578 470 646 Sacra
486 577 561 645 lovi
581 577 701 647 merito
719 578 841 669 Tyrius
857 600 921 670 pro
939 573 1080 646 fulmine
1099 576 1221 648 ductor

320 700 554 792 Nequicquam
571 701 706 770 Danaos
724 712 818 768 ratus
835 721 1023 768 exarmasse
1038 697 1174 768 ferebat.

320 821 391 890 Nec
412 836 508 915 pater
524 821 700 910 aethereus,
717 821 911 916 Divumque
930 821 991 892 has
1012 818 1101 891 ullus
1118 822 1162 890 ad
1181 846 1275 908 aras3

319 943 383 1012 Sed
402 941 490 1013 mala
502 944 685 1039 Tisiphone
703 944 842 1039 trepidis
860 945 986 1014 inserta
1001 945 1163 1016 ministris

319 1065 455 1155 Adstat,
475 1080 509 1136 et
528 1065 660 1136 inferno
679 1065 852 1161 praevertit·
869 1080 945 1136 vota
961 1068 1117 1137 Tonanti.

369 1217 386 1252 ι(
398 1189 535 1258 Summe
555 1192 682 1276 Deum,
697 1188 758 1257 tibi
776 1211 922 1282 namque
938 1211 1019 1256 meae
1036 1188 1220 1282 primordia
1231 1189 1369 1277 Tbebae,

318 1311 436 1380 Liveat
457 1309 630 1381 infandum
648 1308 725 1380 licet
744 1313 870 1405 Argos,
889 1323 925 1378 et
941 1333 1058 1404 aspera
1075 1312 1181 1397 Iuno,

318 1434 469 1522 Debent,
489 1432 645 1504 Sidonios
664 1457 703 1504 ex
721 1457 791 1526 quo
806 1456 867 1526 per
886 1430 1000 1502 littora
1016 1445 1133 1526 raptor

316 1556 473 1628 Turbasti
490 1557 639 1649 thyasos,
658 1553 817 1650 dignatus
832 1553 963 1649 virgine
984 1568 1099 1624 nostra

316 1679 424 1773 Terga
442 1679 564 1772 premi,
583 1691 617 1747 et
637 1675 785 1771 placidas
801 1674 923 1746 falsum
940 1676 1070 1769 mugire
1085 1699 1146 1770 per
1162 1674 1288 1748 undas!

316 1801 386 1869 Nec
404 1814 436 1868 te
453 1823 539 1870 vana
555 1797 652 1888 fides,
674 1800 797 1868 iterum
812 1795 1147 1893 Cadmeiaadeptum

316 1921 514 2009 Connubia,
534 1935 567 1989 et
584 1920 702 2016 Tyrios
721 1919 863 1990 nimium
880 1919 1039 2014 irrupisse
1056 1934 1203 2016 penates.

315 2041 482 2130 Tandem,
499 2043 652 2136 inquam,
671 2065 818 2127 soceros,
834 2039 1023 2135 dilectaque
1039 2043 1163 2114 moenia
1176 2059 1294 2137 gratus

316 2164 479 2258 Respicis,
496 2176 707 2256 assertorque
722 2177 820 2233 tonas
836 2188 844 2230 :
862 2187 924 2232 eeu
939 2164 1031 2256 regia
1047 2161 1121 2232 coeli

315 2291 487 2355 Attentata
500 2286 571 2373 tui,
590 2286 637 2354 sic
654 2299 686 2354 te
704 2307 766 2379 pro
786 2284 936 2355 turribus
956 2281 1031 2352 altis

316 2407 468 2477 Vidimus
486 2423 664 2503 urgentem
683 2406 805 2495 nubes,
825 2404 956 2502 lateque
974 2407 1157 2505 benignum

314 2528 469 2613 Fulmen,
485 2544 519 2599 et
535 2528 666 2599 auditos
680 2530 813 2625 proavis
827 2531 1027 2625 agnovimus
1047 2532 1151 2626 ignes.

313 2654 436 2745 Accipe
454 2675 546 2720 nunc
564 2650 724 2747 pecudes,
744 2665 778 2721 et
794 2652 908 2746 magni
925 2650 1036 2721 thuris
1054 2678 1204 2743 acervos,

313 2773 540 2867 Votivumque
559 2797 713 2845 marem:
733 2772 851 2873 dignas
869 2772 927 2843 sed
943 2774 1089 2869 pendere
1107 2792 1222 2872 grates

312 2893 411 2963 Haud
425 2893 566 2965 mortale
580 2920 664 2990 opus
682 2910 732 2965 est
747 2922 755 2963 :
773 2910 904 2965 certent
919 2896 979 2967 tibi
996 2895 1136 2967 reddere
1147 2898 1299 2989 Baoehus

313 3016 437 3085 Noster
453 3030 487 3085 et
507 3016 666 3087 Alcides:
687 3014 754 3087 illis
770 3017 840 3087 hac
858 3018 978 3087 moenia
997 3042 1133 3087 serva.»

360 3140 525 3209 Dixerat:
548 3154 599 3208 ast
616 3138 664 3208 illi
680 3138 777 3234 niger
795 3140 881 3234 ignis
900 3140 935 3207 in
955 3164 1015 3210 ora
1036 3164 1205 3239 genasque
1291 3198 1295 3205 .

310 3258 483 3349 Prosiluit,
505 3275 705 3357 raptumque
722 3261 828 3331 comis
845 3260 997 3332 diadema
1018 3265 1187 3337 cremavit.

310 3385 406 3451 Tunc
424 3381 514 3451 ferus
534 3396 610 3455 ante
629 3383 733 3453 ictum
753 3384 881 3478 spumis
900 3380 1041 3455 delubra
1059 3398 1212 3455 cruentat

310 3505 456 3591 Taurus,
471 3517 505 3573 et
519 3504 712 3575 obstantum
726 3503 845 3575 mediis
860 3530 879 3575 e
894 3505 1035 3577 eoetibus
1048 3509 1117 3575 exit
1149 3503 1151 3506 ’

309 3624 494 3712 Turbidus,
513 3627 630 3695 insano
648 3626 769 3697 seriens
788 3624 914 3700 altaria,
925 3652 1042 3697 cornu.

309 3746 504 3841 Diffugiunt
522 3746 655 3837 famuli,
674 3762 708 3817 et
725 3773 838 3844 regem
855 3745 982 3819 solatur
1000 3751 1179 3847 haruspex.

309 3871 385 3971 Ipse
402 3870 580 3956 instaurari
598 3893 730 3942 sacrum
746 3867 959 3961 malefortis,
976 3872 1098 3968 agique
1137 3864 1143 3873 ’

308 3992 470 4085 Imperat,
489 4006 524 4061 et
539 4016 677 4086 magnos
697 3992 775 4063 ficto
798 3996 920 4088 premit
937 4019 995 4066 ore
1014 3994 1159 4065 timores.

309 4110 427 4201 Qualis
445 4112 503 4185 ubi
521 4092 719 4211 implicitum
737 4115 933 4211 Tirynthius
950 4116 1079 4187 ossibus
1099 4119 1211 4214 ignem
