2934 4950
87 394 114 453 (t.
126 396 177 459 ss.)
379 392 592 449 runnaruos
611 396 719 451 nunu
739 397 817 453 vui.
1059 416 1114 471 ¹¹9

85 521 155 586 Non
177 517 268 587 licito
288 518 460 611 perinane
478 517 567 587 ruis?
583 549 600 581 α
618 519 713 589 Subit
733 519 789 590 ille
805 522 988 597 minantem

82 642 151 707 Jnm
169 640 278 710 tenuis
295 638 385 723 visu,
401 639 470 730 jam
490 639 744 709 vanescentibus
761 643 878 728 armis,

82 760 150 825 Jam
171 757 271 852 pedes
290 784 297 825 :
315 760 477 827 exstineto
497 771 606 827 tamen
625 760 829 853 interceptus
848 763 882 829 in
901 784 959 831 ore

83 880 222 973 Augurii
242 878 401 972 perdurat
420 878 542 965 honos,
561 880 768 972 obscuraque
786 882 889 951 fronti

81 1002 170 1067 Vitta
190 1012 319 1085 manet,
337 1022 532 1092 ramumque
551 1012 641 1071 tenet
659 1002 830 1072 morientis
848 1000 953 1072 olive.

128 1121 194 1187 «Si
213 1117 307 1206 licet,
326 1133 358 1188 at
377 1120 500 1188 sanetis
519 1119 574 1187 hic
595 1145 652 1189 ora
672 1119 835 1189 resolvere
854 1120 906 1191 las·
922 1136 973 1191 est

80 1239 250 1325 Manibus,
270 1264 291 1307 o
310 1241 437 1309 cunetis
457 1239 572 1309 finitor
590 1241 730 1312 maxime
753 1264 882 1323 rerum,

80 1364 122 1427 At
139 1359 238 1445 mihi,
257 1360 315 1452 qui
329 1358 496 1453 quondam
516 1384 647 1444 causas,
667 1358 894 1455 elementaque
913 1386 1050 1446 noram,

78 1484 121 1547 Et
139 1476 247 1547 sator!
268 1504 343 1567 oro,
363 1481 483 1567 mines,
504 1478 738 1573 stimulataque
756 1482 857 1551 corda
876 1482 1036 1569 remulce,

79 1602 168 1668 Neve
188 1602 238 1669 ira
256 1598 393 1697 ὤμων
412 1602 601 1690 bominem,
622 1616 656 1671 et
674 1617 731 1674 tua
748 1604 823 1696 jura
842 1604 1023 1678 timentem.

77 1724 163 1789 Nam
183 1746 245 1791 nec
257 1720 299 1790 ad
309 1720 490 1793 Herculeos
504 1722 611 1815 (unde
622 1722 690 1791 baec
702 1722 782 1793 mibi
795 1722 970 1817 pectorati)
981 1734 1113 1817 raptus,

78 1844 148 1910 Nec
167 1846 330 1913 Venerem
351 1840 519 1929 illicitam,
538 1842 703 1913 credebis
723 1843 926 1937 insignibus,
941 1846 1015 1913 ausi

77 1967 246 2032 Intramus
264 1963 391 2033 letben
413 1986 421 2031 :
441 1960 548 2058 fugiat
566 1987 627 2033 nec
646 1964 750 2033 tristis
769 1966 804 2033 in
821 1975 957 2039 autrum

80 2083 266 2169 Cerberus,
285 2098 344 2153 aut
363 2098 495 2153 nostros
515 2085 629 2153 timeat
646 2085 845 2179 Proserpina
864 2109 993 2155 currus.

77 2209 197 2300 Augur
216 2201 399 2299 Apollineis
413 2204 515 2275 modo
534 2202 764 2275 dilectissimus
782 2206 868 2292 aria,

78 2328 197 2394 Testor
215 2326 313 2395 inane
331 2325 442 2397 chaos
460 2324 562 2419 (quid
581 2326 670 2395 enim
691 2326 745 2395 bic
763 2325 925 2418 iurandus
941 2324 1115 2420 apellet),

36 2456 39 2461 '
76 2448 229 2517 Crimine
246 2472 314 2518 non
334 2444 403 2518 ullo
422 2447 524 2518 subeo
543 2470 629 2516 nova
648 2446 716 2519 fata
737 2472 745 2516 ε
765 2470 826 2522 ner
844 2446 931 2520 alma

78 2571 132 2637 Sic
152 2569 260 2638 merui
278 2567 320 2638 de
339 2567 412 2638 luce
431 2570 503 2664 rapi
524 2593 532 2636 ε
555 2570 616 2636 scit
631 2567 754 2661 judicis
772 2591 857 2637 urna
885 2659 889 2664 .

77 2690 218 2776 Dictaei,
236 2713 418 2781 verumque
437 2703 546 2786 potest
564 2687 768 2783 deprendere
784 2689 905 2757 Minos.

77 2808 241 2903 Conjugis
258 2807 403 2896 insidiis,
424 2824 458 2878 et
476 2810 591 2902 iniquo
611 2807 766 2878 venditus
785 2831 883 2894 auro,

75 2926 247 3022 Argolicas
266 2929 478 3017 acies,·unde
496 2930 565 3000 haee
584 2929 643 2998 tibi
664 2915 772 2998 turba‘
783 2941 953 2998 recentum

76 3049 301 3135 Umbrarum,
322 3063 353 3118 et
373 3063 493 3120 nostrae
511 3051 650 3118 veniunt
668 3073 802 3143 quoque
820 3047 936 3123 funera
955 3046 1093 3132 dextrae,
1163 3050 1168 3056 ’

76 3173 155 3237 Non
176 3171 312 3265 ignarus
330 3172 377 3238 ini
398 3195 407 3238 ι
427 3171 537 3240 subito
557 3195 609 3238 me
628 3170 762 3240 turbiue
778 3169 914 3249 mundi,

76 3293 201 3359 Horret
220 3289 330 3358 adhuc
349 3292 497 3376 animus,
518 3288 634 3360 mediis
653 3316 672 3358 e
691 3288 839 3358 millibus
857 3289 967 3358 hausit

76 3413 151 3479 Nox
170 3424 230 3478 tua
244 3435 252 3478 τ
266 3435 339 3504 quae
357 3411 439 3479 mihi
453 3434 562 3500 mens,
582 3409 662 3479 dum
680 3434 739 3503 per
758 3434 838 3478 cava
858 3411 983 3478 viscera
998 3423 1093 3477 terra

78 3515 174 3600 Vado
188 3529 246 3599 diu
266 3531 431 3624 pendens,
447 3546 479 3600 et
499 3533 533 3600 in
554 3555 630 3600 aere
648 3530 767 3600 volvor
785 3529 923 3624 operto?

77 3653 139 3720 Hei
160 3649 262 3720 mihi!
285 3650 331 3720 nil
349 3676 389 3720 ox
410 3676 462 3720 me
481 3652 595 3740 sociis,
614 3653 795 3745 patriaeque
814 3649 986 3735 relictum,

77 3769 141 3838 Vel
161 3785 297 3864 captum
315 3771 438 3841 Thebis
458 3798 466 3842 :
487 3797 555 3841 non
570 3774 643 3866 jam
662 3774 799 3840 Lernaea
819 3767 938 3837 videbo

77 3895 198 3978 Tecta,
217 3915 279 3960 nec
298 3894 440 3960 attonito
458 3891 573 3961 saltem
594 3893 677 3960 cinis
696 3890 752 3961 ibo
769 3891 911 3982 parenti.

79 4013 158 4080 Non
178 4010 328 4102 tumulo,
349 4036 416 4080 non
437 4014 512 4106 igne
531 4013 646 4097 miser,
663 4009 882 4104 lacrymisque
901 4030 1049 4078 meorum
