2934 4950
62 443 94 504 (ἱ
107 444 183 509 ⁵⁶⁵·)
291 476 295 483 ²
376 444 592 503 Tflunutnos
613 446 726 503 LIBER
744 436 807 504 v11'.
1061 458 1113 513 ¹⁰7

61 569 151 636 Mite
169 568 309 663 jugum,
324 564 402 637 belli
420 567 590 661 quondam
608 584 758 639 vastator
773 570 836 639 Eoi

62 692 218 773 Currus,
237 688 418 781 Erytiumis
434 712 518 781 quas
535 714 642 783 nuper
659 690 767 758 victor
782 690 825 758 ab
841 690 909 757 oris

62 808 172 876 Liber
190 808 228 875 in
246 808 371 877 Aonios
388 809 522 879 meritas
540 807 712 877 dimiserat
728 832 827 904 agros

63 926 146 996 Illas
164 928 265 997 turba
282 930 362 1015 Dei,
381 930 557 1023 seniorque
575 953 615 999 ex
633 954 727 999 more
744 928 897 1000 sacerdos

63 1050 251 1146 Sanguinis
269 1048 408 1137 oblitas,
427 1064 527 1145 atque
539 1050 663 1126 Indum
682 1075 821 1146 gramen
836 1049 980 1136 cientes,

61 1170 213 1241 Palmite
228 1186 361 1243 maturo
377 1172 543 1265 variisque
560 1196 681 1243 ornare
698 1172 865 1267 corymbis

62 1296 193 1380 Curat,
212 1306 246 1361 et
262 1290 388 1361 alterno
406 1290 552 1362 maculas
567 1292 738 1389 interligat
756 1308 859 1363 ostro.

63 1418 212 1507 Jamque
230 1413 292 1507 ipsi
310 1411 427 1498 colles,
444 1414 516 1507 ipsa
531 1414 606 1501 has,
625 1410 703 1508 quis
723 1414 857 1484 credat?
874 1414 1033 1483 amabant

64 1538 247 1619 Armenta,
266 1548 366 1627 atque
382 1558 469 1605 ausae
490 1536 615 1622 circum
635 1535 769 1631 mugire.
782 1534 942 1628 juvencae.

64 1658 207 1752 Quippe
226 1652 309 1725 nihil
326 1670 476 1751 grassata
494 1654 617 1745 fames,
636 1680 756 1728 mnus
777 1655 877 1725 obvia
895 1656 1021 1750 pascit,

65 1780 340 1872 Exspectantque
359 1774 470 1866 cibos,
490 1775 632 1871 firsoque
647 1775 819 1849 horrenda
837 1778 999 1873 supinant

65 1902 137 1968 Ora
156 1922 270 1987 mero,
287 1923 370 1994 vaga
389 1924 468 1971 rure
486 1900 604 1994 quies:
624 1900 651 1969 si
669 1896 807 1993 quando
824 1898 972 1997 benigno

64 2020 197 2090 Urbem
213 2020 319 2089 iniere
337 2019 459 2116 gradu,
479 2020 599 2093 domus
616 2022 743 2108 omnis,
762 2035 796 2089 et
813 2027 925 2096 omnia
943 2020 1046 2095 sacris

65 2140 209 2235 Templa
227 2138 353 2230 calent,
370 2142 546 2236 ipsumque
563 2141 646 2215 fides
667 2150 806 2217 intrasse
824 2150 971 2243 Lyaeum.

113 2266 187 2331 Has
207 2262 266 2331 ubi
287 2264 422 2357 vipereo
438 2276 541 2335 tactas
560 2284 611 2349 ter
629 2283 806 2362 utramque
823 2267 955 2366 flagello

66 2386 227 2453 Eumenis
245 2385 280 2453 in
298 2383 419 2480 furias,
441 2392 656 2486 animumque
673 2389 782 2461 redire
800 2392 948 2487 priorem

67 2514 225 2612 Impulit,
243 2529 426 2609 erumpunt
446 2538 515 2584 non
532 2511 790 2608 agnoscentibus
809 2514 933 2608 Argis-z

68 2641 139 2708 Ceu
154 2637 225 2707 duo
243 2634 375 2706 diverso
389 2636 517 2731 pariter
535 2635 561 2706 si
581 2635 724 2705 fulmina
742 2632 827 2704 coeio

69 2763 183 2855 Rupta
199 2756 341 2841 cadant,
362 2756 566 2852 longumque
586 2756 721 2826 trahant
739 2780 800 2851 per
817 2756 933 2826 nubila
952 2757 1088 2825 crinem.

115 2885 199 2954 Non
218 2879 315 2951 aliter
334 2904 436 2950 cursu
455 2879 596 2974 rapidae,
617 2893 716 2972 atque
733 2879 879 2948 immane
895 2876 1074 2947 frementes

70 3001 279 3072 Transiliunt
298 3026 450 3095 campos,
468 2991 687 3094 aurigamque
705 3000 829 3095 impete
846 3012 959 3086 vasto,

72 3124 293 3219 Amphiarae,
314 3137 410 3192 tuum
429 3127 506 3218 (nee
521 3119 627 3190 defuit
645 3145 760 3209 omen,
779 3117 900 3190 heriles

72 3249 171 3316 Forte
191 3245 220 3314 is
238 3247 367 3340 primus
383 3268 488 3337 equos
506 3257 625 3337 stagna
646 3243 688 3312 ad
705 3243 817 3311 vicina
837 3241 1014 3335 trahebat)

74 3370 270 3465 Corripiunt
285 3393 298 3436 ε.
310 3391 388 3436 mox
405 3366 594 3436 Taenarium
613 3366 864 3458 quiproximus
881 3363 977 3433 Idam

75 3491 286 3585 AEtolumque
304 3493 488 3560 Acamanta
506 3501 688 3581 premunt:
705 3485 784 3582 fuga
800 3501 896 3556 torva
909 3511 970 3581 per
987 3509 1087 3581 agros

75 3609 321 3709 Cornipedum,
342 3611 412 3680 visa
430 3609 543 3679 donec‘
557 3607 749 3689 flammatus
770 3611 938 3680 Aconteus

75 3735 189 3832 Strage
205 3735 333 3821 virum,
352 3733 407 3804 cui
425 3745 519 3802 sueta
537 3729 623 3800 feras
640 3745 853 3825 prosternere
872 3731 1001 3818 virtus,

75 3855 175 3922 Arcas
192 3868 279 3942 erat,
300 3854 413 3924 densis
424 3854 495 3947 jam
514 3851 582 3922 fida
600 3850 643 3920 ad
659 3852 781 3920 moenia
803 3875 915 3920 versas

76 3977 265 4070 insequitur
282 3973 373 4063 telis,
394 3973 605 4070 multumque
624 3971 744 4044 hastile
764 3997 937 4044 resumens

77 4097 152 4184 Ter,
170 4111 303 4190 quater,
325 4093 471 4166 adducto
489 4121 549 4192 per
569 4112 677 4193 terga,
694 4119 755 4192 per
772 4094 828 4164 ilia
848 4093 914 4165 telo
