2934 4950
314 489 363 562 viij
620 489 670 543 DE
690 491 721 543 P.
742 488 897 544 PAPINIO
917 487 1056 542 sufflo

315 629 392 710 post
416 615 563 709 Capanei
583 612 777 708 sacrilegam
800 612 974 682 audaciam
999 626 1033 681 et
1059 610 1214 680 fraterna
1239 633 1359 705 pugnae

316 733 438 805 scelera
451 736 574 804 territis
585 733 764 804 lectoribus
779 734 949 804 videretur
955 732 1114 826 languere
1126 757 1134 800 ε
1149 744 1183 800 et
1194 755 1268 824 quae
1282 746 1361 798 sunt

316 855 381 926 alia
398 882 416 926 e
432 858 581 926 Statiana
597 856 800 926 narrationis
819 855 1043 950 descriptione
1062 853 1259 949 pendentia,
1274 851 1363 920 indi-

316 991 390 1045 cata
418 975 472 1045 illa
494 1001 572 1046 cum
590 977 706 1046 ceteris
726 975 1052 1046 memorabilioribus
1073 974 1115 1042 de
1132 973 1294 1069 poematis
1310 997 1364 1040 ar·

315 1112 476 1190 gumento
493 1111 526 1165 et
542 1099 740 1166 tractatione
758 1096 849 1191 apud
867 1093 1094 1183 Welckerum,
1113 1092 1135 1161 l.
1149 1117 1178 1162 c.
1298 1150 1300 1153 .

366 1218 479 1287 Verbo
501 1219 704 1287 mentionem
728 1218 878 1311 injiciam
904 1217 1042 1286 Pontici
1064 1229 1187 1310 poeta,
1214 1213 1273 1307 qui
1299 1215 1366 1282 llu-

316 1341 405 1434 gusti
432 1339 499 1410 fere
518 1365 589 1408 aevo
613 1339 823 1409 Thebaidem
847 1339 998 1434 scripsit,
1026 1336 1102 1422 sed,
1132 1337 1258 1428 absque
1283 1335 1365 1402 Pro·

316 1461 424 1555 pcrtio
441 1475 541 1545 esset,
571 1473 720 1529 maneret
737 1461 881 1553 ignotus.
897 1462 939 1528 V.
962 1461 1107 1551 interpp.
1132 1455 1176 1525 ad
1194 1459 1365 1549 Propert,

317 1605 347 1669 1,
371 1607 403 1677 7,
422 1582 518 1667 init,
539 1583 720 1675 praesertim
740 1585 949 1669 Burmann,
967 1605 1000 1674 p.
1023 1605 1078 1676 70·

364 1705 425 1773 ΙΠ.
444 1706 683 1773 Acamaamos
699 1701 778 1771 ltbn'
788 1705 840 1786 II,
860 1727 961 1795 quam
970 1725 1060 1769 mors
1072 1713 1273 1794 praematura
1287 1700 1364 1767 Sta-

317 1826 401 1894 tium
415 1823 586 1893 absolvere
602 1823 785 1918 prohibuit.
801 1824 889 1892 Nam
907 1823 1092 1892 Britannici
1111 1835 1145 1890 et
1154 1819 1296 1889 aliorum
1313 1844 1367 1888 er-

315 1967 384 2032 ror,
400 1946 500 2013 etiam
516 1945 559 2012 ab
576 1944 738 2012 Lemaerio
755 1945 933 2039 repetitus,
954 1943 1054 2011 nimis
1071 1955 1206 2035 apertus
1227 1953 1286 2010 est.
1312 1942 1368 2008 Ne

317 2064 500 2133 secundum
518 2063 654 2157 quidem
672 2061 794 2132 librum
814 2063 934 2132 finivit.
950 2067 990 2132 In
1007 2065 1104 2134 Mss.
1124 2060 1192 2130 fere
1211 2062 1247 2129 iu
1266 2061 1367 2154 quin·

317 2207 383 2276 que
401 2183 507 2254 libros
524 2183 631 2253 divisa
654 2198 770 2252 exstat.
889 2230 898 2241 -

367 2305 562 2374 Domitiani
578 2311 645 2374 Res
658 2317 773 2397 gestas
802 2305 837 2373 in
855 2329 962 2398 agone
982 2303 1114 2373 Albano
1131 2327 1166 2372 se
1184 2300 1368 2371 celebrasse

317 2425 484 2520 significat
501 2425 579 2499 Sr'lv.
607 2451 658 2515 ιν,
676 2452 712 2515 a,
730 2422 778 2497 65
796 2451 845 2521 sq.
868 2451 876 2496 :
897 2451 981 2521 quas
999 2450 1043 2495 an
1061 2426 1096 2495 in
1114 2447 1234 2495 manus
1255 2421 1366 2492 homi-

319 2572 400 2615 num
417 2548 531 2617 venire
551 2549 704 2641 jusserit,
725 2550 890 2617 incertum
909 2562 967 2616 est
992 2549 1045 2616 De
1064 2547 1185 2640 Agave
1204 2542 1368 2637 tragoedia

319 2668 403 2737 nihil
414 2670 536 2739 scimus
547 2684 667 2765 praeter
682 2694 736 2758 ea,
750 2694 824 2763 quae
834 2667 1005 2739 luvenalis
1020 2668 1148 2737 indicat
1165 2666 1239 2735 loco
1251 2664 1362 2734 allato.

794 2891 809 2957 ς
829 2888 882 2943 111.

667 3074 1008 3145 SCHOLIASTAE

364 3271 450 3359 Qua
473 3269 517 3338 ad
540 3269 647 3341 Silvas
678 3268 854 3365 adscriptae
876 3268 1034 3362 leguntur
1062 3266 1177 3362 glossae
1198 3282 1233 3336 et
1249 3267 1368 3337 breves

242 3474 244 3477 ¹
316 3389 551 3487 explicationes
575 3392 608 3461 in
636 3392 751 3462 codice
773 3392 969 3477 Parisiensi‚
995 3404 1071 3485 post
1096 3388 1242 3458 medium
1265 3412 1366 3457 saecu-

316 3510 386 3582 lum
409 3540 454 3582 xv
474 3528 625 3603 exarato,
657 3512 755 3583 valde
783 3527 930 3584 recentes
958 3527 1038 3582 sunt
1070 3527 1103 3582 et
1128 3526 1205 3606 post
1230 3525 1363 3581 renatas

315 3630 442 3704 litteras
468 3634 570 3704 factae.
599 3635 664 3705 Sed
685 3636 830 3731 antc'qua
852 3633 984 3704 scholia
1003 3647 1134 3702 exstant
1153 3632 1197 3700 ad
1216 3631 1363 3702 Thebai·

317 3755 394 3825 dem
408 3770 442 3825 et
462 3754 689 3827 Achilleidem.
717 3757 867 3826 Primum
892 3769 973 3825 nota
999 3754 1056 3824 illa
1080 3756 1259 3826 lactantii
1279 3753 1365 3824 Plan

314 3874 399 3960 cidi,
412 3878 506 3972 cujus
521 3878 582 3947 sub
594 3878 730 3947 nomine
746 3879 846 3947 etiam
855 3874 970 3971 glossae
982 3889 1108 3946 veteres
1123 3872 1234 3943 latinae
1244 3870 1365 3965 (multo

315 3997 451 4089 quidem
470 4000 666 4094 integriores
686 4001 721 4068 in
751 3999 848 4069 codd.
866 3999 1027 4067 Parisinis
1045 4021 1146 4091 quam
1164 3998 1208 4064 in
1228 3998 1363 4065 Vatica-

317 4117 388 4205 nis,
409 4118 499 4188 unde
521 4144 575 4189 eas
599 4119 703 4189 edidit
723 4120 816 4213 Arg.
837 4117 972 4213 Mutus)
993 4132 1026 4189 et
1043 4132 1239 4211 argumenta
1262 4124 1359 4189 Meta·
