2934 4950
81 364 169 423 lm)
397 367 594 424 SILVARUM
614 367 724 423 LIBER
742 365 795 434 AV.

23 512 24 591 l
124 495 210 590 Ergo
229 491 322 588 quod
343 494 497 564 Ausonias
514 510 609 588 pater
626 492 881 588 augustissimus
901 491 992 560 urbis

80 621 133 686 Jus
149 618 211 685 tibi
227 616 421 710 tergemina
438 615 574 684 dederat
592 612 733 683 laetabile
750 611 874 707 prolis,

82 742 182 808 Omen
199 753 274 808 erat
291 763 300 804 :
320 736 413 804 venit
430 736 531 805 toties
545 736 694 824 Lucina,
715 735 876 828 piumque
995 785 999 798 .

23 916 24 971 ,
80 861 212 929 Intravit
230 859 371 952 repetita
392 853 523 925 larem:
544 858 591 925 sic
609 854 747 944 fertilis,
766 879 848 942 om,

23 978 24 1027 l
83 983 144 1049 Stet
161 979 303 1063 domus,
322 992 356 1046 et
373 976 469 1047 donis
485 1001 658 1070 nunquam
678 976 805 1045 nudata
825 977 972 1044 sacratis.

119 1105 248 1188 Macte,
266 1098 359 1192 quod
377 1114 413 1168 et
429 1097 539 1192 proles
554 1099 616 1166 tibi
632 1099 751 1192 saepius
767 1111 866 1167 aucta
882 1093 971 1166 virili

80 1222 202 1291 Robora
220 1243 231 1287 t
249 1243 285 1288 se
295 1195 569 1312 juvonimediam
585 1217 643 1286 dat
659 1219 755 1312 virgo
770 1217 899 1312 parenti
917 1242 925 1284 :

81 1337 215 1435 [Aptior
233 1340 288 1408 Ais
303 1337 412 1408 virtus
421 1389 432 1428 ,
449 1331 661 1429 citius]dubit
677 1336 734 1406 illa
753 1351 899 1432 nepotes.

81 1459 185 1549 Qualis
205 1460 368 1529 maternis
385 1457 513 1529 Helene
529 1460 599 1552 jam
618 1458 720 1553 dignu
740 1457 902 1552 palustris

81 1585 162 1650 luter
180 1580 365 1676 Amyclaeos
384 1581 536 1675 reptabat
554 1579 698 1649 candida
714 1579 853 1666 fratres3

82 1701 135 1770 Vel
149 1701 260 1796 qualis
275 1700 350 1771 oeli
365 1701 485 1790 facies,
500 1701 560 1771 ubi
577 1715 675 1770 nocte
688 1723 805 1790 serena
931 1687 939 1700 ’
956 1703 959 1710 '

23 1862 24 1897 f
82 1822 258 1891 Admovere
270 1822 372 1916 jubar
386 1821 503 1891 medias
517 1820 586 1890 duo
602 1820 711 1890 sidera
726 1819 824 1892 luno.

23 1916 24 1959 ³
83 1942 139 2011 Sed
157 1967 284 2036 queror
303 1941 396 2012 haud
416 1939 549 2028 faciles,
566 1939 728 2034 juvenum
752 1942 939 2029 rarissime,
958 1957 1113 2036 questus,

81 2065 264 2156 irascorque
280 2065 400 2148 etiam,
417 2075 580 2154 quantum
596 2063 785 2130 irascuntur
801 2077 959 2132 amantes.

81 2186 220 2252 Tantane
236 2208 290 2251 me
305 2182 418 2252 decuit
436 2180 566 2275 vulgari
583 2179 704 2276 gaudia
719 2181 807 2250 sama

81 2304 237 2374 Nascere?
252 2327 424 2398 quumque
439 2303 501 2372 tihi
518 2304 645 2398 vagiret
658 2303 777 2372 tertius
795 2303 923 2392 infans,

81 2426 227 2496 Protinus
244 2424 373 2519 ingenti
390 2447 459 2492 non
475 2425 568 2503 venit
584 2425 703 2493 nunna
718 2449 818 2493 cursu

81 2545 211 2631 littera,
230 2570 305 2639 quae
325 2544 427 2613 festos
446 2542 617 2613 cumulare
635 2543 793 2614 altaribus
812 2546 921 2638 ignes,

82 2667 117 2732 Et
132 2664 289 2733 redimire
308 2662 446 2759 chelyn,
464 2680 640 2759 postesque
658 2688 778 2734 ornare
795 2664 947 2757 juberet,

82 2782 267 2879 Albanoque
286 2784 407 2855 cadum
425 2786 612 2855 sordentem
630 2810 784 2880 promere
800 2784 912 2869 fumo,

82 2907 117 2973 Et
132 2920 221 2974 creta
241 2907 374 2999 signare
395 2904 505 2975 diem?
523 2905 581 2975 sed
599 2904 713 2974 tardus
730 2906 885 2999 inersque

82 3025 169 3093 Nunc
189 3025 324 3094 demum
341 3049 414 3095 mea
429 3034 508 3095 vota
525 3026 631 3096 cano?
650 3041 709 3095 tua
726 3025 844 3120 culpa,
862 3036 1005 3120 tuusque

82 3145 134 3214 Hic
149 3145 258 3241 pudor
274 3174 282 3214 ε
299 3144 439 3216 ulterius
454 3146 512 3216 sed
527 3148 617 3216 enim
635 3147 818 3243 producere
833 3160 970 3241 questus

82 3266 148 3335 Non
165 3267 264 3354 licet3
284 3291 326 3335 en
346 3266 460 3337 hilaris
480 3270 676 3338 circumstat
693 3268 792 3337 turba
809 3282 946 3337 tuorum
957 3318 974 3357 „

84 3388 295 3483 Defensatque
312 3404 441 3483 panem
460 3416 469 3457 ε
486 3414 587 3484 quem
607 3414 675 3458 uon
695 3390 760 3459 hoc
779 3390 911 3484 agmine
929 3389 1065 3459 vincas?

121 3510 163 3579 Dt
181 3511 302 3603 patrii,
319 3534 404 3605 quos
420 3512 568 3607 auguriis
588 3534 688 3605 super
703 3533 837 3604 aequora
853 3510 981 3605 magnis

85 3629 166 3699 [itus
183 3630 225 3699 ad
242 3632 429 3702 Ausonium
449 3630 581 3701 devexit
600 3632 743 3701 Abantia
762 3629 892 3718 classis3

85 3748 144 3835 Tu,
164 3750 283 3822 ductor
302 3750 417 3847 populi
436 3751 536 3847 louge
554 3754 767 3848 emigrantis,
787 3748 931 3844 Apollo,

86 3868 176 3963 Cujus
193 3873 300 3943 adhuc
316 3874 487 3945 volucrem
506 3873 593 3945 laeva
607 3876 734 3944 cervice
752 3873 921 3943 sedentem

86 3988 260 4085 Respiciens
277 3995 400 4065 blande
416 3995 493 4066 felix
510 3994 659 4066 Eumelis
674 3995 810 4082 adorat;
