2934 4950
99 413 125 462 «ι.
137 409 188 461 eo
435 396 627 454 snvmuu
647 397 756 454 nrum
776 399 798 452 1.
1109 400 1143 454 13

97 524 292 616 Despexisse
308 545 439 615 procos.
459 524 504 590 At
520 522 611 590 enim
626 521 681 590 liic
698 522 760 590 tibi
777 523 937 618 sanguine
953 537 1023 593 toto

96 641 251 728 Deditus‚
267 666 372 710 unam
391 666 507 710 omnes
525 642 612 710 inter
631 643 773 710 miratur
790 656 960 736 amatque,

96 764 163 830 Nec
182 761 316 849 lormae,
333 787 395 831 nec
415 763 526 855 stirpis
543 785 643 855 egens
662 787 670 830 τ
691 785 770 829 nam
785 761 884 830 docta
900 787 961 856 per
978 762 1094 830 urbem

96 883 253 949 Carmina
271 884 331 974 qui
346 883 502 976 juvenes,
522 905 595 974 quae
613 905 682 948 non
697 881 848 950 didicere
864 879 1006 975 puellae?

95 1003 190 1068 Hune
211 1014 245 1068 et
264 1001 316 1069 bis
335 1025 432 1070 senos
452 999 520 1093 (sic
540 997 748 1094 indulgentia
767 1014 884 1095 pergat
954 971 966 992 ’

95 1121 245 1189 Praesidis
262 1119 428 1210 Ausonii)
445 1143 559 1188 cernes
575 1117 727 1188 attollere
747 1119 849 1188 fasces

95 1245 181 1310 Ante
199 1240 290 1310 diem
308 1265 317 1308 ε
335 1253 424 1309 certe
436 1243 506 1334 jam
522 1263 613 1308 nunc
628 1237 783 1332 Cybeleia
798 1241 892 1306 novit

94 1362 243 1444 Limina,
262 1375 295 1428 et
312 1359 466 1429 Euboicae
483 1383 617 1430 carmen
635 1356 715 1452 legit
735 1357 791 1426 ille
806 1357 946 1452 Sibyllae.

95 1483 233 1573 Jamque
252 1504 375 1573 parens
392 1479 507 1548 Latius
524 1480 633 1575 (cujus
651 1503 855 1572 prenoscere
871 1491 1016 1546 mentem

95 1603 155 1667 Fas
174 1598 297 1692 mihi),
318 1623 503 1694 purpureos
519 1599 666 1684 habitus,
683 1599 864 1692 juvenique
882 1597 997 1666 curule

97 1717 286 1814 Indulgebit
304 1719 412 1787 ebur:
434 1721 541 1788 Dacus
556 1718 647 1816 (quae
667 1716 774 1814 gloria
792 1714 935 1811 majorl)

95 1839 255 1923 Exuvias,
276 1836 453 1932 laurosque
470 1837 562 1906 dabit
581 1837 749 1907 celebrare
768 1852 931 1924 recentes,

96 1963 181 2052 Ergo
200 1982 280 2053 age,
298 1960 402 2053 junge
422 1972 526 2048 toros,
547 1973 647 2053 atque
666 1960 734 2026 otia
755 1958 851 2026 deme
867 1959 1023 2051 juvente.

97 2083 185 2168 Quas
203 2103 269 2172 ego
289 2103 358 2146 non
378 2057 527 2166 mentes,
547 2103 620 2174 quae
641 2103 708 2148 non
730 2077 801 2146 face
819 2076 921 2146 corda
936 2079 1075 2173 jugari?

96 2190 245 2266 Alituum
265 2197 497 2292 pecudumque
515 2199 618 2285 mihi,
637 2197 780 2290 durique
800 2197 945 2266 ferarum

97 2319 170 2384 Nou
191 2340 336 2386 renuere
355 2341 480 2412 greges.
502 2320 616 2411 Ipsum
637 2317 672 2385 in
692 2317 861 2387 connubia
880 2331 976 2386 terra

97 2437 244 2525 AEthera,
264 2462 368 2532 quum
387 2435 507 2532 pluviis
526 2451 696 2507 rarescunt
715 2436 846 2526 nubila,
864 2436 965 2507 solvo.

99 2560 145 2626 Sic
162 2582 279 2627 rerum
299 2560 417 2643 series,
438 2557 620 2652 mundique
640 2560 819 2627 revertitur
835 2572 921 2627 etas.

98 2677 190 2745 Unde
211 2700 338 2746 norum
355 2679 463 2769 Trojae
481 2676 581 2747 decus
601 2676 845 2770 ardentumque
865 2675 1002 2745 deorum

97 2800 291 2891 Raptorem,
311 2797 456 2890 Phrygio
475 2798 501 2865 si
520 2821 588 2865 non
607 2822 668 2890 ego
685 2800 803 2890 juncta
821 2795 963 2865 marito?

97 2915 219 3007 Lydius
237 2915 328 2985 unde
346 2940 436 2983 meos
456 2917 602 2985 iterasset
618 2916 727 2984 Tibris
746 2914 877 2993 latest,

97 3037 178 3124 Quis
196 3037 463 3130 septemgeminae
483 3036 644 3129 posuisset
662 3036 784 3103 moenia
803 3039 918 3105 Rome

98 3156 231 3248 Imperii
247 3153 376 3227 Latiale
395 3170 514 3248 caput,
534 3156 597 3223 nisi
616 3155 774 3225 Dardana
795 3154 884 3223 surto

99 3276 242 3369 Cepisset
260 3278 419 3361 Martem,
439 3300 499 3343 nec
519 3299 572 3343 me
592 3275 806 3371 prohibente,
823 3274 997 3345 sacerdos?
1010 3306 1026 3339 a

34 3358 114 3421 χ
144 3397 202 3462 His
220 3393 343 3464 mulcet
362 3395 473 3481 dictis,
493 3396 696 3489 tacitumque
716 3396 856 3489 inspirat
874 3420 1022 3464 amorem

100 3516 263 3583 Counubii
283 3542 291 3583 :
314 3514 455 3584 redeunt
472 3517 584 3585 animo
600 3517 669 3609 jam
689 3530 768 3584 vota
786 3540 987 3609 precesque,

99 3638 141 3703 Et
159 3632 324 3729 lacrymae,
343 3632 525 3730 vigilesque
544 3636 607 3702 viri
628 3660 732 3729 prope
752 3635 867 3703 limina
887 3649 1040 3728 questus3

99 3754 219 3823 Asteria
239 3771 272 3825 et
290 3755 359 3824 vati
378 3768 484 3824 totam
503 3768 634 3824 cantata
654 3778 714 3848 per
733 3755 871 3839 urbem;

98 3878 217 3942 Asteris
236 3890 313 3943 ante
333 3874 452 3969 dapes,
471 3888 568 3945 nocte
587 3877 729 3962 Asteris,
750 3875 876 3945 Asteris
894 3887 985 3960 ortu,

100 3994 264 4081 Quantum
286 4020 356 4065 nou
374 3992 534 4064 clamatus
553 3993 663 4087 Hylas.
685 3998 826 4088 Jamque
845 4018 960 4087 aspera
981 3994 1079 4085 coepit
