2934 4950
337 450 394 519 234
633 449 849 507 memus
868 449 981 506 mesu
1001 445 1072 506 xil?
1305 453 1402 515 (ess.)

336 580 402 666 Te,
422 601 517 673 puer,
537 592 570 646 ct
586 574 678 646 diros
692 577 814 649 misere
831 577 866 646 in
881 580 1021 646 Tartara
1041 575 1184 645 fratres?

333 704 379 770 Et
396 723 486 768 nunc
500 696 672 793 OEdipodi
691 723 757 792 per
773 713 823 768 est
840 697 979 768 fortuna
994 696 1141 775 doloris.

335 825 385 892 Ac
399 819 480 889 milti
493 845 501 888 ε
514 844 615 915 quarn
626 818 751 890 similes
761 821 939 915 gemimus,
956 819 1045 889 bone
1053 822 1223 917 Iuppiter,
1234 822 1401 891 umbras!

336 943 475 1038 Accipe,
494 957 590 1029 nate,
607 943 657 1011 tui
676 964 766 1011 nora
781 939 964 1012 libamenta
979 941 1163 1038 triumphi,

335 1065 477 1159 Accipe,
496 1079 529 1134 et
548 1065 615 1134 hoc
626 1062 786 1159 ¹regimen
802 1062 945 1153 dextre,
960 1062 1150 1158 frontisque
1169 1067 1338 1160 superbae

334 1184 497 1275 Vincula,
514 1211 589 1282 quae
607 1188 695 1280 patri
709 1187 851 1256 nimium
870 1185 1031 1280 gestando
1047 1177 1178 1256 dedisti.
1304 1190 1312 1209 ¹

335 1311 463 1403 Regem
482 1305 536 1396 te,
553 1329 683 1404 regem,
703 1308 814 1378 tristes
830 1305 1004 1383 Eteocleos,
1017 1307 1145 1380 umbrae
1245 1351 1254 1362 -

334 1430 570 1524 Adspiciunt.»
586 1427 694 1500 Simul
711 1429 783 1500 bec
798 1429 930 1516 dicens,
943 1430 1140 1523 crinemque
1155 1455 1377 1526 manumque

311 1541 314 1550 ¹
336 1554 507 1638 Dcstmit,
522 1575 728 1648 accensaque
746 1553 847 1621 iteret
861 1548 1043 1620 violentius
1060 1551 1112 1623 ire
1132 1577 1140 1619 :

335 1677 490 1743 «Serum
497 1673 658 1770 agedum,
669 1671 1266 1767 immitemquevocent,nunclirnera
1272 1678 1397 1744 Lerne

334 1797 460 1864 Tecum
477 1794 594 1866 erdere
613 1810 711 1866 vetos
730 1793 850 1891 longos
863 1795 993 1864 utinnm
1008 1791 1131 1863 addere
1146 1819 1266 1865 sensus

336 1916 560 2010 Corporibus,
578 1914 730 2011 coeloque
749 1917 878 1986 'enimes
894 1915 1073 2010 Ereboque
1089 1900 1250 1986 nocentes

335 2035 461 2106 Pellene
474 2036 542 2125 sas,
562 2038 738 2133 ipsumque
755 2037 864 2128 feres,
882 2039 993 2134 ipsum
1009 2061 1096 2107 unce
1110 2037 1292 2108 volucrum

335 2161 406 2228 Ora
420 2159 529 2252 sequi,
548 2173 651 2253 etque
667 2145 760 2229 artus
778 2176 897 2254 regum
912 2171 1101 2228 monstrare
1119 2158 1297 2230 nefandos.

334 2278 397 2349 Hei
413 2279 515 2368 mibi,
533 2279 626 2374 quod
641 2282 768 2375 positos
786 2265 909 2350 burnus
924 2277 1013 2352 alme
1027 2276 1165 2374 diesque
1175 2280 1337 2380 resolvit.

335 2401 451 2490 Quare
462 2402 584 2472 iterum
603 2415 777 2499 repetens,
793 2402 984 2497 iterumque
1003 2398 1120 2490 edico,
1141 2421 1301 2497 suprema

334 2524 388 2593 Ne
406 2524 482 2616 quis
495 2548 580 2619 ope,
596 2536 655 2594 eut
669 2523 811 2597 llnmmis
832 2526 921 2595 emit
932 2524 1058 2617 juvisse
1077 2496 1236 2619 Pelasgos
1257 2553 1267 2593 :

334 2646 404 2713 Aut
423 2668 504 2715 nece
522 2640 608 2717 fecte
625 2643 714 2733 luet,
730 2667 939 2742 numeroque
957 2643 1106 2741 explebit
1121 2646 1257 2717 ademta

334 2769 487 2861 Corpore
502 2793 510 2833 ι
527 2792 588 2861 per
601 2770 764 2863 Superos,
781 2792 1010 2864 magnumque
1021 2770 1196 2838 Menoecea
1211 2772 1305 2863 juro.
1318 2803 1335 2836 s

333 2888 441 2976 Dixit,
458 2903 492 2957 et
505 2888 682 2985 abreptum
702 2891 841 2959 comites
862 2892 897 2960 in
913 2904 999 2960 tecta
1015 2889 1178 2960 ferebant.

382 3007 518 3078 Flebilis
535 3011 663 3080 interea
681 3012 797 3081 vacuis
811 3012 988 3081 comitatus
1006 3012 1048 3082 ab
1068 3013 1188 3106 Argis,

334 3132 436 3199 Fama
453 3130 557 3200 trabit
572 3132 728 3219 miseras,
747 3132 836 3201 or'bae
854 3130 1028 3227 viduasque
1043 3132 1190 3203 ruebant

333 3250 527 3338 Inachides,
549 3276 610 3321 ceu
624 3268 722 3348 cepta
740 3278 859 3324 manus
880 3278 889 3322 ε
908 3278 968 3323 sua
986 3252 1126 3323 vulnere
1141 3256 1284 3350 cuique,

334 3376 398 3442 Par
412 3372 545 3453 habitus
563 3375 709 3461 cunctis,
727 3373 846 3469 dejecti
864 3377 899 3444 in
917 3390 1052 3471 pectore
1068 3376 1193 3465 crines,

335 3495 550 3590 Accinctique
567 3496 682 3566 sinus:
700 3512 839 3567 manant
856 3496 966 3567 ltcera
980 3522 1042 3567 ora
1056 3498 1204 3567 cruentis

323 3594 530 3711 Unguibus,
548 3630 583 3686 et
599 3617 715 3689 molles
731 3616 870 3713 planctu
887 3643 1021 3689 crevere
1038 3615 1164 3689 lacerti.

382 3738 495 3807 Prima
513 3762 574 3833 per
590 3740 749 3809 attonitas
769 3741 874 3837 nigre
886 3741 1002 3836 regina
1022 3752 1162 3811 caterve

332 3859 496 3928 Tristibus
516 3857 654 3931 illubens
673 3859 821 3951 famulis,
838 3862 1029 3957 iterumque
1045 3888 1247 3959 resurgens,

331 3980 460 4069 Querit
474 3980 569 4076 inops
589 3983 692 4078 Argia
711 3984 804 4055 vius:
824 4009 893 4054 non
909 3986 1000 4080 regia
1016 3984 1129 4069 cordi,

333 4101 409 4171 Non
424 4116 520 4197 pater
542 4130 549 4172 :
572 4128 639 4175 une
658 4105 759 4196 fides,
780 4131 885 4177 unum
904 4107 1071 4202 Polynicis
1085 4108 1189 4178 amoti
