<?xml version="1.0" encoding="UTF-8"?>
<!DOCTYPE html PUBLIC "-//W3C//DTD XHTML 1.0 Transitional//EN"
    "http://www.w3.org/TR/xhtml1/DTD/xhtml1-transitional.dtd">
<html xmlns="http://www.w3.org/1999/xhtml" xml:lang="en" lang="en">
 <head>
  <title>
</title>
<meta http-equiv="Content-Type" content="text/html;charset=utf-8" />
  <meta name='ocr-system' content='tesseract 3.04.00' />
  <meta name='ocr-capabilities' content='ocr_page ocr_carea ocr_par ocr_line ocrx_word'/>
</head>
<body>
  <div class='ocr_page' id='page_1' title='image "./operaquaeextant01dbgoog_0153.png"; bbox 0 0 2934 4950; ppageno 0'>
   <div class='ocr_carea' id='block_1_1' title="bbox 374 487 428 540">
    <p class='ocr_par' dir='ltr' id='par_1_1' title="bbox 374 487 428 540">
     <span class='ocr_line' id='line_1_1' title="bbox 374 487 428 540; baseline 0 0"><span class='ocrx_word' id='word_1_1' title='bbox 374 487 428 540; x_wconf 73' lang='lat'><strong>130</strong></span> 
     </span>
    </p>
   </div>
   <div class='ocr_carea' id='block_1_2' title="bbox 727 487 1051 542">
    <p class='ocr_par' dir='ltr' id='par_1_2' title="bbox 727 487 1051 542">
     <span class='ocr_line' id='line_1_2' title="bbox 727 487 1051 542; baseline 0.003 -1"><span class='ocrx_word' id='word_1_2' title='bbox 727 489 759 541; x_wconf 87' lang='lat' dir='ltr'><strong>P.</strong></span> <span class='ocrx_word' id='word_1_3' title='bbox 782 487 907 542; x_wconf 75' lang='lat' dir='ltr'><strong>runnu</strong></span> <span class='ocrx_word' id='word_1_4' title='bbox 929 487 1051 542; x_wconf 78' lang='lat' dir='ltr'><strong>STATll</strong></span> 
     </span>
    </p>
   </div>
   <div class='ocr_carea' id='block_1_3' title="bbox 463 597 1258 3980">
    <p class='ocr_par' dir='ltr' id='par_1_3' title="bbox 467 597 1049 699">
     <span class='ocr_line' id='line_1_3' title="bbox 467 597 1049 699; baseline 0.005 -20"><span class='ocrx_word' id='word_1_5' title='bbox 467 610 531 679; x_wconf 86' lang='lat' dir='ltr'><strong>Sed</strong></span> <span class='ocrx_word' id='word_1_6' title='bbox 550 613 646 680; x_wconf 81' lang='lat' dir='ltr'>Bruti</span> <span class='ocrx_word' id='word_1_7' title='bbox 666 613 753 681; x_wconf 89' lang='lat' dir='ltr'><strong>senis</strong></span> <span class='ocrx_word' id='word_1_8' title='bbox 773 597 1004 699; x_wconf 82' lang='lat' dir='ltr'><strong>oscitationes,</strong></span> <span class='ocrx_word' id='word_1_9' title='bbox 1046 684 1049 698; x_wconf 69' lang='grc'>,</span> 
     </span>
    </p>

    <p class='ocr_par' dir='ltr' id='par_1_4' title="bbox 464 730 1111 1189">
     <span class='ocr_line' id='line_1_4' title="bbox 465 730 983 827; baseline 0.004 -26"><span class='ocrx_word' id='word_1_10' title='bbox 465 735 518 801; x_wconf 93' lang='lat' dir='ltr'><strong>De</strong></span> <span class='ocrx_word' id='word_1_11' title='bbox 537 757 635 827; x_wconf 87' lang='lat' dir='ltr'><strong>capsa</strong></span> <span class='ocrx_word' id='word_1_12' title='bbox 655 734 768 802; x_wconf 87' lang='lat' dir='ltr'><strong>miseri</strong></span> <span class='ocrx_word' id='word_1_13' title='bbox 786 730 983 822; x_wconf 85' lang='lat' dir='ltr'><strong>libellionis,</strong></span> 
     </span>
     <span class='ocr_line' id='line_1_5' title="bbox 464 851 1111 948; baseline 0.005 -27"><span class='ocrx_word' id='word_1_14' title='bbox 464 856 627 947; x_wconf 86' lang='lat' dir='ltr'><strong>Emptum</strong></span> <span class='ocrx_word' id='word_1_15' title='bbox 647 851 722 948; x_wconf 92' lang='lat' dir='ltr'><strong>plus</strong></span> <span class='ocrx_word' id='word_1_16' title='bbox 742 853 855 924; x_wconf 91' lang='lat' dir='ltr'><strong>minus</strong></span> <span class='ocrx_word' id='word_1_17' title='bbox 874 879 945 924; x_wconf 85' lang='lat' dir='ltr'><strong>asse</strong></span> <span class='ocrx_word' id='word_1_18' title='bbox 965 857 1111 943; x_wconf 82' lang='lat' dir='ltr'><strong>Gaiano,</strong></span> 
     </span>
     <span class='ocr_line' id='line_1_6' title="bbox 465 975 1070 1068; baseline 0.005 -26"><span class='ocrx_word' id='word_1_19' title='bbox 465 977 581 1044; x_wconf 88' lang='lat' dir='ltr'><strong>Donas</strong></span> <span class='ocrx_word' id='word_1_20' title='bbox 598 999 606 1042; x_wconf 76' lang='grc' dir='ltr'><strong><em>ε</em></strong></span> <span class='ocrx_word' id='word_1_21' title='bbox 624 999 729 1068; x_wconf 89' lang='lat' dir='ltr'><strong>usquc</strong></span> <span class='ocrx_word' id='word_1_22' title='bbox 746 975 874 1045; x_wconf 89' lang='lat' dir='ltr'><strong>adeone</strong></span> <span class='ocrx_word' id='word_1_23' title='bbox 891 975 1070 1045; x_wconf 84' lang='lat' dir='ltr'><strong>defuerunt</strong></span> 
     </span>
     <span class='ocr_line' id='line_1_7' title="bbox 464 1092 1032 1189; baseline 0.002 -26"><span class='ocrx_word' id='word_1_24' title='bbox 464 1095 582 1163; x_wconf 85' lang='lat' dir='ltr'><strong>Scissis</strong></span> <span class='ocrx_word' id='word_1_25' title='bbox 601 1092 688 1189; x_wconf 88' lang='lat' dir='ltr'><strong>pilea</strong></span> <span class='ocrx_word' id='word_1_26' title='bbox 707 1110 782 1165; x_wconf 88' lang='lat' dir='ltr'><strong>suta</strong></span> <span class='ocrx_word' id='word_1_27' title='bbox 802 1097 843 1166; x_wconf 87' lang='lat' dir='ltr'><strong>de</strong></span> <span class='ocrx_word' id='word_1_28' title='bbox 864 1094 1032 1166; x_wconf 83' lang='lat' dir='ltr'><strong>lacernis?</strong></span> 
     </span>
    </p>

    <p class='ocr_par' dir='ltr' id='par_1_5' title="bbox 463 1213 1201 3493">
     <span class='ocr_line' id='line_1_8' title="bbox 465 1213 1068 1313; baseline 0.003 -29"><span class='ocrx_word' id='word_1_29' title='bbox 465 1213 528 1284; x_wconf 88' lang='lat' dir='ltr'><strong>Vel</strong></span> <span class='ocrx_word' id='word_1_30' title='bbox 548 1213 720 1303; x_wconf 84' lang='lat' dir='ltr'><strong>mantilia,</strong></span> <span class='ocrx_word' id='word_1_31' title='bbox 742 1215 898 1286; x_wconf 87' lang='lat' dir='ltr'><strong>luridaeve</strong></span> <span class='ocrx_word' id='word_1_32' title='bbox 918 1217 1068 1313; x_wconf 76' lang='lat' dir='ltr'><strong>mappae?</strong></span> 
     </span>
     <span class='ocr_line' id='line_1_9' title="bbox 466 1336 1071 1426; baseline 0.007 -20"><span class='ocrx_word' id='word_1_33' title='bbox 466 1336 618 1425; x_wconf 67' lang='lat' dir='ltr'><strong>Chartae,</strong></span> <span class='ocrx_word' id='word_1_34' title='bbox 638 1337 872 1426; x_wconf 72' lang='lat' dir='ltr'><strong>Thebaicaeve,</strong></span> <span class='ocrx_word' id='word_1_35' title='bbox 883 1339 1071 1412; x_wconf 78' lang='lat' dir='ltr'><strong>Caricaevc?</strong></span> 
     </span>
     <span class='ocr_line' id='line_1_10' title="bbox 463 1457 1091 1551; baseline 0.005 -26"><span class='ocrx_word' id='word_1_36' title='bbox 463 1457 638 1551; x_wconf 87' lang='lat' dir='ltr'><strong>Nusquam</strong></span> <span class='ocrx_word' id='word_1_37' title='bbox 654 1458 789 1528; x_wconf 89' lang='lat' dir='ltr'><strong>turbine</strong></span> <span class='ocrx_word' id='word_1_38' title='bbox 808 1459 963 1532; x_wconf 87' lang='lat' dir='ltr'><strong>conditus</strong></span> <span class='ocrx_word' id='word_1_39' title='bbox 980 1462 1091 1531; x_wconf 80' lang='lat' dir='ltr'><strong>ruenti</strong></span> 
     </span>
     <span class='ocr_line' id='line_1_11' title="bbox 465 1576 1201 1675; baseline 0.011 -30"><span class='ocrx_word' id='word_1_40' title='bbox 465 1580 656 1646; x_wconf 90' lang='lat' dir='ltr'><strong>Prunorum</strong></span> <span class='ocrx_word' id='word_1_41' title='bbox 675 1576 815 1674; x_wconf 81' lang='lat' dir='ltr'><strong>globus,</strong></span> <span class='ocrx_word' id='word_1_42' title='bbox 837 1596 937 1675; x_wconf 88' lang='lat' dir='ltr'><strong>atque</strong></span> <span class='ocrx_word' id='word_1_43' title='bbox 958 1583 1201 1653; x_wconf 83' lang='lat' dir='ltr'><strong>coctanorum?</strong></span> 
     </span>
     <span class='ocr_line' id='line_1_12' title="bbox 464 1696 1101 1798; baseline 0.009 -31"><span class='ocrx_word' id='word_1_44' title='bbox 464 1698 542 1767; x_wconf 88' lang='lat' dir='ltr'><strong>Non</strong></span> <span class='ocrx_word' id='word_1_45' title='bbox 561 1696 727 1792; x_wconf 83' lang='lat' dir='ltr'><strong>ellychnia</strong></span> <span class='ocrx_word' id='word_1_46' title='bbox 744 1701 848 1788; x_wconf 88' lang='lat' dir='ltr'><strong>sicca,</strong></span> <span class='ocrx_word' id='word_1_47' title='bbox 866 1725 935 1771; x_wconf 92' lang='lat' dir='ltr'><strong>non</strong></span> <span class='ocrx_word' id='word_1_48' title='bbox 954 1701 1101 1798; x_wconf 69' lang='lat' dir='ltr'><strong>replictae</strong></span> 
     </span>
     <span class='ocr_line' id='line_1_13' title="bbox 466 1814 1153 1907; baseline 0.016 -22"><span class='ocrx_word' id='word_1_49' title='bbox 466 1814 651 1886; x_wconf 90' lang='lat' dir='ltr'><strong>Bulborum</strong></span> <span class='ocrx_word' id='word_1_50' title='bbox 667 1821 809 1907; x_wconf 82' lang='lat' dir='ltr'><strong>tunicae,</strong></span> <span class='ocrx_word' id='word_1_51' title='bbox 831 1847 893 1891; x_wconf 91' lang='lat' dir='ltr'><strong>nec</strong></span> <span class='ocrx_word' id='word_1_52' title='bbox 914 1849 976 1893; x_wconf 87' lang='lat' dir='ltr'><strong>ova</strong></span> <span class='ocrx_word' id='word_1_53' title='bbox 997 1825 1153 1895; x_wconf 85' lang='lat' dir='ltr'><strong>tantum?</strong></span> 
     </span>
     <span class='ocr_line' id='line_1_14' title="bbox 465 1937 1136 2039; baseline 0.013 -31"><span class='ocrx_word' id='word_1_54' title='bbox 465 1939 543 2008; x_wconf 91' lang='lat' dir='ltr'><strong>Non</strong></span> <span class='ocrx_word' id='word_1_55' title='bbox 565 1938 652 2008; x_wconf 83' lang='lat' dir='ltr'><strong>leves</strong></span> <span class='ocrx_word' id='word_1_56' title='bbox 672 1937 785 2030; x_wconf 84' lang='lat' dir='ltr'><strong>alicae,</strong></span> <span class='ocrx_word' id='word_1_57' title='bbox 807 1967 868 2012; x_wconf 88' lang='lat' dir='ltr'><strong>nec</strong></span> <span class='ocrx_word' id='word_1_58' title='bbox 888 1967 1043 2039; x_wconf 86' lang='lat' dir='ltr'><strong>asperum</strong></span> <span class='ocrx_word' id='word_1_59' title='bbox 1061 1947 1136 2017; x_wconf 83' lang='lat' dir='ltr'><strong>far?</strong></span> 
     </span>
     <span class='ocr_line' id='line_1_15' title="bbox 464 2058 1120 2164; baseline 0.012 -34"><span class='ocrx_word' id='word_1_60' title='bbox 464 2058 639 2153; x_wconf 81' lang='lat' dir='ltr'><strong>Nusquam</strong></span> <span class='ocrx_word' id='word_1_61' title='bbox 659 2060 834 2157; x_wconf 89' lang='lat' dir='ltr'><strong>Cinyphiis</strong></span> <span class='ocrx_word' id='word_1_62' title='bbox 854 2081 974 2161; x_wconf 82' lang='lat' dir='ltr'><strong>vagata</strong></span> <span class='ocrx_word' id='word_1_63' title='bbox 993 2071 1120 2164; x_wconf 87' lang='lat' dir='ltr'><strong>campis</strong></span> 
     </span>
     <span class='ocr_line' id='line_1_16' title="bbox 464 2181 1129 2259; baseline 0.017 -11"><span class='ocrx_word' id='word_1_64' title='bbox 464 2181 654 2249; x_wconf 84' lang='lat' dir='ltr'><strong>Curvarum</strong></span> <span class='ocrx_word' id='word_1_65' title='bbox 670 2181 789 2252; x_wconf 90' lang='lat' dir='ltr'><strong>domus</strong></span> <span class='ocrx_word' id='word_1_66' title='bbox 808 2183 876 2254; x_wconf 88' lang='lat' dir='ltr'><strong>uda</strong></span> <span class='ocrx_word' id='word_1_67' title='bbox 891 2186 1129 2259; x_wconf 83' lang='lat' dir='ltr'><strong>cochlearum?</strong></span> 
     </span>
     <span class='ocr_line' id='line_1_17' title="bbox 467 2297 1168 2403; baseline 0.017 -34"><span class='ocrx_word' id='word_1_68' title='bbox 467 2300 546 2369; x_wconf 94' lang='lat' dir='ltr'><strong>Non</strong></span> <span class='ocrx_word' id='word_1_69' title='bbox 567 2297 699 2371; x_wconf 87' lang='lat' dir='ltr'><strong>lardum</strong></span> <span class='ocrx_word' id='word_1_70' title='bbox 719 2301 840 2393; x_wconf 87' lang='lat' dir='ltr'><strong>breve,</strong></span> <span class='ocrx_word' id='word_1_71' title='bbox 863 2305 1022 2378; x_wconf 84' lang='lat' dir='ltr'><strong>debilisve</strong></span> <span class='ocrx_word' id='word_1_72' title='bbox 1041 2297 1168 2403; x_wconf 83' lang='lat' dir='ltr'><strong>perna?</strong></span> 
     </span>
     <span class='ocr_line' id='line_1_18' title="bbox 465 2421 1151 2523; baseline 0.015 -32"><span class='ocrx_word' id='word_1_73' title='bbox 465 2421 543 2491; x_wconf 94' lang='lat' dir='ltr'><strong>Non</strong></span> <span class='ocrx_word' id='word_1_74' title='bbox 559 2423 747 2514; x_wconf 84' lang='lat' dir='ltr'><strong>Lucanica,</strong></span> <span class='ocrx_word' id='word_1_75' title='bbox 769 2448 839 2495; x_wconf 91' lang='lat' dir='ltr'><strong>non</strong></span> <span class='ocrx_word' id='word_1_76' title='bbox 858 2453 974 2523; x_wconf 84' lang='lat' dir='ltr'><strong>graves</strong></span> <span class='ocrx_word' id='word_1_77' title='bbox 990 2429 1151 2523; x_wconf 90' lang='lat' dir='ltr'><strong>Phalisci,</strong></span> 
     </span>
     <span class='ocr_line' id='line_1_19' title="bbox 466 2541 1092 2643; baseline 0.019 -33"><span class='ocrx_word' id='word_1_78' title='bbox 466 2541 544 2610; x_wconf 92' lang='lat' dir='ltr'><strong>Non</strong></span> <span class='ocrx_word' id='word_1_79' title='bbox 565 2541 633 2631; x_wconf 88' lang='lat' dir='ltr'><strong>sal,</strong></span> <span class='ocrx_word' id='word_1_80' title='bbox 651 2570 896 2641; x_wconf 80' lang='lat' dir='ltr'><strong>oxygarumve,</strong></span> <span class='ocrx_word' id='word_1_81' title='bbox 917 2575 1092 2643; x_wconf 86' lang='lat' dir='ltr'><strong>caseusve,</strong></span> 
     </span>
     <span class='ocr_line' id='line_1_20' title="bbox 467 2654 1080 2765; baseline 0.02 -34"><span class='ocrx_word' id='word_1_82' title='bbox 467 2664 535 2732; x_wconf 75' lang='lat' dir='ltr'><strong>Aut</strong></span> <span class='ocrx_word' id='word_1_83' title='bbox 556 2654 658 2758; x_wconf 82' lang='lat' dir='ltr'><strong>panes</strong></span> <span class='ocrx_word' id='word_1_84' title='bbox 674 2667 850 2739; x_wconf 75' lang='lat' dir='ltr'><strong>viridantis</strong></span> <span class='ocrx_word' id='word_1_85' title='bbox 870 2672 1080 2765; x_wconf 83' lang='lat' dir='ltr'><strong>aphronitri,</strong></span> 
     </span>
     <span class='ocr_line' id='line_1_21' title="bbox 465 2782 1140 2886; baseline 0.022 -35"><span class='ocrx_word' id='word_1_86' title='bbox 465 2782 528 2852; x_wconf 84' lang='lat' dir='ltr'><strong>Vel</strong></span> <span class='ocrx_word' id='word_1_87' title='bbox 547 2808 683 2879; x_wconf 85' lang='lat' dir='ltr'><strong>passum</strong></span> <span class='ocrx_word' id='word_1_88' title='bbox 700 2788 841 2885; x_wconf 85' lang='lat' dir='ltr'><strong>psythiis</strong></span> <span class='ocrx_word' id='word_1_89' title='bbox 861 2792 930 2861; x_wconf 89' lang='lat' dir='ltr'><strong>suis</strong></span> <span class='ocrx_word' id='word_1_90' title='bbox 949 2809 1140 2886; x_wconf 87' lang='lat' dir='ltr'><strong>recoctum,</strong></span> 
     </span>
     <span class='ocr_line' id='line_1_22' title="bbox 466 2902 1047 2983; baseline 0.021 -11"><span class='ocrx_word' id='word_1_91' title='bbox 466 2902 567 2973; x_wconf 90' lang='lat' dir='ltr'><strong>Dulci</strong></span> <span class='ocrx_word' id='word_1_92' title='bbox 584 2904 716 2975; x_wconf 85' lang='lat' dir='ltr'><strong>defruta</strong></span> <span class='ocrx_word' id='word_1_93' title='bbox 731 2906 785 2977; x_wconf 82' lang='lat' dir='ltr'><strong>rel</strong></span> <span class='ocrx_word' id='word_1_94' title='bbox 802 2908 911 2981; x_wconf 88' lang='lat' dir='ltr'><strong>lutosa</strong></span> <span class='ocrx_word' id='word_1_95' title='bbox 927 2914 1047 2983; x_wconf 85' lang='lat' dir='ltr'><strong>coeno?</strong></span> 
     </span>
     <span class='ocr_line' id='line_1_23' title="bbox 468 3023 1109 3130; baseline 0.028 -39"><span class='ocrx_word' id='word_1_96' title='bbox 468 3023 645 3111; x_wconf 85' lang='lat' dir='ltr'><strong>Quantum</strong></span> <span class='ocrx_word' id='word_1_97' title='bbox 664 3027 717 3097; x_wconf 91' lang='lat' dir='ltr'><strong>vel</strong></span> <span class='ocrx_word' id='word_1_98' title='bbox 737 3028 816 3100; x_wconf 86' lang='lat' dir='ltr'><strong>dare</strong></span> <span class='ocrx_word' id='word_1_99' title='bbox 835 3057 946 3105; x_wconf 85' lang='lat' dir='ltr'><strong>cereos</strong></span> <span class='ocrx_word' id='word_1_100' title='bbox 962 3034 1109 3130; x_wconf 78' lang='lat' dir='ltr'><strong>olentes,</strong></span> 
     </span>
     <span class='ocr_line' id='line_1_24' title="bbox 467 3141 1059 3237; baseline 0.027 -24"><span class='ocrx_word' id='word_1_101' title='bbox 467 3141 671 3237; x_wconf 85' lang='lat' dir='ltr'><strong>Cultellum,</strong></span> <span class='ocrx_word' id='word_1_102' title='bbox 690 3164 847 3221; x_wconf 87' lang='lat' dir='ltr'><strong>tenuesve</strong></span> <span class='ocrx_word' id='word_1_103' title='bbox 866 3154 1059 3228; x_wconf 84' lang='lat' dir='ltr'><strong>codicillos?</strong></span> 
     </span>
     <span class='ocr_line' id='line_1_25' title="bbox 468 3260 1087 3369; baseline 0.027 -35"><span class='ocrx_word' id='word_1_104' title='bbox 468 3260 599 3335; x_wconf 83' lang='lat' dir='ltr'><strong>Ollares</strong></span> <span class='ocrx_word' id='word_1_105' title='bbox 608 3317 619 3355; x_wconf 89' lang='lat'><strong>,</strong></span> <span class='ocrx_word' id='word_1_106' title='bbox 638 3292 741 3363; x_wconf 85' lang='lat' dir='ltr'><strong>rogo,</strong></span> <span class='ocrx_word' id='word_1_107' title='bbox 761 3295 830 3340; x_wconf 93' lang='lat' dir='ltr'><strong>non</strong></span> <span class='ocrx_word' id='word_1_108' title='bbox 847 3272 969 3347; x_wconf 87' lang='lat' dir='ltr'><strong>licebat</strong></span> <span class='ocrx_word' id='word_1_109' title='bbox 986 3304 1087 3369; x_wconf 76' lang='lat' dir='ltr'><strong>uvaS,</strong></span> 
     </span>
     <span class='ocr_line' id='line_1_26' title="bbox 471 3373 1095 3493; baseline 0.032 -41"><span class='ocrx_word' id='word_1_110' title='bbox 471 3386 625 3455; x_wconf 88' lang='lat' dir='ltr'><strong>Cumano</strong></span> <span class='ocrx_word' id='word_1_111' title='bbox 644 3373 775 3482; x_wconf 79' lang='lat' dir='ltr'><strong>patinas</strong></span> <span class='ocrx_word' id='word_1_112' title='bbox 794 3390 849 3462; x_wconf 88' lang='lat' dir='ltr'><strong>vel</strong></span> <span class='ocrx_word' id='word_1_113' title='bbox 871 3396 952 3467; x_wconf 88' lang='lat' dir='ltr'><strong>orbe</strong></span> <span class='ocrx_word' id='word_1_114' title='bbox 971 3413 1095 3493; x_wconf 76' lang='lat' dir='ltr'><strong>tortas,</strong></span> 
     </span>
    </p>

    <p class='ocr_par' dir='ltr' id='par_1_6' title="bbox 467 3494 1258 3980">
     <span class='ocr_line' id='line_1_27' title="bbox 468 3494 1258 3629; baseline 0.035 -56"><span class='ocrx_word' id='word_1_115' title='bbox 468 3510 536 3576; x_wconf 84' lang='lat' dir='ltr'><strong>Aut</strong></span> <span class='ocrx_word' id='word_1_116' title='bbox 556 3531 658 3577; x_wconf 86' lang='lat' dir='ltr'><strong>unam</strong></span> <span class='ocrx_word' id='word_1_117' title='bbox 679 3509 759 3581; x_wconf 87' lang='lat' dir='ltr'><strong>dare</strong></span> <span class='ocrx_word' id='word_1_118' title='bbox 779 3517 951 3609; x_wconf 85' lang='lat' dir='ltr'><strong>synthesin</strong></span> <span class='ocrx_word' id='word_1_119' title='bbox 972 3520 1077 3616; x_wconf 89' lang='lat' dir='ltr'><strong>(quid</strong></span> <span class='ocrx_word' id='word_1_120' title='bbox 1096 3494 1258 3629; x_wconf 80' lang='lat' dir='ltr'><strong>horres?)</strong></span> 
     </span>
     <span class='ocr_line' id='line_1_28' title="bbox 467 3625 1185 3731; baseline 0.025 -32"><span class='ocrx_word' id='word_1_121' title='bbox 467 3625 631 3700; x_wconf 84' lang='lat' dir='ltr'><strong>lllborum</strong></span> <span class='ocrx_word' id='word_1_122' title='bbox 649 3630 810 3726; x_wconf 80' lang='lat' dir='ltr'><strong>calicum,</strong></span> <span class='ocrx_word' id='word_1_123' title='bbox 828 3650 928 3731; x_wconf 81' lang='lat' dir='ltr'><strong>atque</strong></span> <span class='ocrx_word' id='word_1_124' title='bbox 944 3644 1185 3716; x_wconf 83' lang='lat' dir='ltr'><strong>caccaborum?</strong></span> 
     </span>
     <span class='ocr_line' id='line_1_29' title="bbox 517 3748 1146 3856; baseline 0.032 -39"><span class='ocrx_word' id='word_1_125' title='bbox 517 3748 583 3818; x_wconf 88' lang='lat' dir='ltr'><strong>Sed</strong></span> <span class='ocrx_word' id='word_1_126' title='bbox 598 3766 689 3821; x_wconf 89' lang='lat' dir='ltr'><strong>certa</strong></span> <span class='ocrx_word' id='word_1_127' title='bbox 704 3752 800 3825; x_wconf 82' lang='lat' dir='ltr'><strong>velut</strong></span> <span class='ocrx_word' id='word_1_128' title='bbox 816 3782 929 3853; x_wconf 79' lang='lat' dir='ltr'><strong>aequus</strong></span> <span class='ocrx_word' id='word_1_129' title='bbox 948 3762 983 3829; x_wconf 94' lang='lat' dir='ltr'><strong>in</strong></span> <span class='ocrx_word' id='word_1_130' title='bbox 1004 3778 1146 3856; x_wconf 86' lang='lat' dir='ltr'><strong>statera,</strong></span> 
     </span>
     <span class='ocr_line' id='line_1_30' title="bbox 470 3865 1150 3980; baseline 0.028 -41"><span class='ocrx_word' id='word_1_131' title='bbox 470 3865 528 3939; x_wconf 87' lang='lat' dir='ltr'><strong>Nil</strong></span> <span class='ocrx_word' id='word_1_132' title='bbox 548 3885 677 3959; x_wconf 82' lang='lat' dir='ltr'><strong>mutas,</strong></span> <span class='ocrx_word' id='word_1_133' title='bbox 697 3874 860 3947; x_wconf 85' lang='lat' dir='ltr'><strong>sedidem</strong></span> <span class='ocrx_word' id='word_1_134' title='bbox 881 3879 965 3951; x_wconf 93' lang='lat' dir='ltr'><strong>mihi</strong></span> <span class='ocrx_word' id='word_1_135' title='bbox 986 3886 1150 3980; x_wconf 90' lang='lat' dir='ltr'><strong>rependis.</strong></span> 
     </span>
    </p>
   </div>
   <div class='ocr_carea' id='block_1_4' title="bbox 469 3989 1208 4214">
    <p class='ocr_par' dir='ltr' id='par_1_7' title="bbox 469 3989 1208 4214">
     <span class='ocr_line' id='line_1_31' title="bbox 469 3989 1208 4089; baseline 0.035 -34"><span class='ocrx_word' id='word_1_136' title='bbox 469 3989 587 4077; x_wconf 84' lang='lat' dir='ltr'><strong>Quid?</strong></span> <span class='ocrx_word' id='word_1_137' title='bbox 606 3993 633 4060; x_wconf 91' lang='lat' dir='ltr'><strong>si</strong></span> <span class='ocrx_word' id='word_1_138' title='bbox 654 4020 760 4089; x_wconf 89' lang='lat' dir='ltr'><strong>quum</strong></span> <span class='ocrx_word' id='word_1_139' title='bbox 779 3998 864 4068; x_wconf 91' lang='lat' dir='ltr'><strong>bene</strong></span> <span class='ocrx_word' id='word_1_140' title='bbox 882 4023 982 4073; x_wconf 89' lang='lat' dir='ltr'><strong>mane</strong></span> <span class='ocrx_word' id='word_1_141' title='bbox 1002 4009 1208 4081; x_wconf 88' lang='lat' dir='ltr'><strong>semicrudus</strong></span> 
     </span>
     <span class='ocr_line' id='line_1_32' title="bbox 469 4105 999 4214; baseline 0.04 -39"><span class='ocrx_word' id='word_1_142' title='bbox 469 4105 598 4179; x_wconf 82' lang='lat' dir='ltr'><strong>illatam</strong></span> <span class='ocrx_word' id='word_1_143' title='bbox 621 4114 682 4183; x_wconf 91' lang='lat' dir='ltr'><strong>tibi</strong></span> <span class='ocrx_word' id='word_1_144' title='bbox 702 4115 818 4188; x_wconf 85' lang='lat' dir='ltr'><strong>dixero</strong></span> <span class='ocrx_word' id='word_1_145' title='bbox 839 4119 999 4214; x_wconf 83' lang='lat' dir='ltr'><strong>salutem,</strong></span> 
     </span>
    </p>
   </div>
   <div class='ocr_carea' id='block_1_5' title="bbox 0 0 1478 4950">
    <p class='ocr_par' dir='ltr' id='par_1_8' title="bbox 0 0 1478 4950">
     <span class='ocr_line' id='line_1_33' title="bbox 0 0 1478 4950; baseline 0 0"><span class='ocrx_word' id='word_1_146' title='bbox 0 0 1478 4950; x_wconf 95' lang='lat' dir='ltr'><strong> </strong></span> 
     </span>
    </p>
   </div>
  </div>
 </body>
</html>
