2934 4950
385 469 418 526 ll
679 457 889 512 Tuuustnos
911 455 1022 512 LIBER
1049 459 1096 514 lt.
1304 453 1401 512 (ΗΜ.)

380 586 513 658 Pridem
532 586 641 679 lapsus
659 609 767 669 amor,
788 599 824 654 tu
846 609 934 654 nuuc
951 585 1108 653 horrente
1125 583 1187 652 suls
1204 595 1296 650 arcto

381 707 501 778 Bellica
522 707 643 776 ferrato
660 705 796 800 rapidus
816 706 925 808 quatis
945 709 1069 774 Ismara
1088 706 1219 799 thyrso,

379 831 663 922 Pampineumque
677 828 773 920 jubes
791 853 908 896 nemus
926 829 1087 922 irreptare
1103 829 1274 922 Lycurgo,

380 957 447 1020 Aut
463 946 626 1018 tumidum
642 953 799 1041 Gangen,
815 963 873 1016 aut
887 946 1031 1017 claustra
1046 948 1223 1016 novissima
1237 944 1344 1016 rubra

379 1070 538 1162 Tethyos,
559 1074 710 1162 ansque
728 1069 843 1137 domos
864 1069 1024 1164 flagrante
1046 1067 1215 1162 triumpho

380 1190 541 1274 Perfuris,
562 1205 622 1258 ant
640 1191 756 1258 Hermi
777 1189 817 1258 de
836 1190 983 1258 fontibus
1003 1213 1122 1258 aureus
1141 1189 1219 1257 exis.

380 1317 424 1381 At
443 1325 498 1379 tua
518 1294 705 1404 progenies,
726 1311 841 1403 positis
861 1307 1038 1404 gentilibus
1058 1312 1157 1378 armis

380 1433 465 1521 Quae
484 1432 545 1499 tibi
565 1428 646 1499 sesta
663 1428 751 1519 litat,
770 1427 909 1516 bellum,
929 1428 1170 1523 lacrymasque,
1188 1443 1386 1521 metumque,

382 1556 635 1647 Cognatumque
653 1549 758 1637 nolas,
779 1550 892 1644 injusti
910 1575 1050 1619 munera
1067 1552 1176 1648 regni,

381 1671 560 1742 Pendimus
579 1698 587 1738 :
606 1671 736 1739 aeternis
758 1671 869 1764 potius
890 1695 958 1756 mo,
978 1653 1122 1758 Bacclre,
1141 1671 1272 1764 pruinis

380 1799 488 1866 Trans
506 1811 538 1865 et
554 1797 743 1866 Amazoniis
760 1793 926 1864 ululatum
942 1798 1117 1865 Caucason
1133 1796 1234 1864 armis

383 1918 468 1986 Siste
480 1915 601 2002 ferens,
613 1932 875 2009 quammonstra
888 1914 1012 1984 ducum
1026 1918 1233 2011 stirpemque
1243 1915 1402 2010 profanant

381 2037 528 2130 Eloquar
549 2062 619 2105 :en
636 2061 750 2130 urges3
770 2033 873 2105 alium
893 2039 968 2122 tibi,
989 2039 1131 2125 Bacche,
1150 2038 1296 2108 llrrorem

380 2159 497 2228 Juravi
519 2183 527 2224 :
549 2157 670 2226 similes
687 2157 784 2226 video
801 2181 1000 2226 concurrere
1018 2174 1129 2228 tauros
1150 2185 1158 2226 :

381 2279 475 2347 Idem
491 2277 652 2348 ambobus
667 2279 790 2362 honos,
811 2301 964 2371 unusque
981 2279 1022 2348 ab
1041 2280 1171 2375 origine
1188 2279 1341 2373 sanguis:

381 2399 494 2468 Ardua
514 2396 643 2468 collatis
662 2398 775 2467 obnixi
796 2422 922 2467 cornua
943 2399 1081 2469 miscent

380 2521 577 2605 Frontibus,
594 2519 786 2614 alternaque
806 2535 914 2590 truces
930 2522 1120 2590 moriuntur
1137 2523 1171 2590 in
1192 2523 1251 2593 ira.

380 2644 432 2711 'su
449 2642 558 2737 pejor,
578 2655 614 2710 tu
633 2640 712 2711 code
730 2666 870 2728 nocens,
887 2643 945 2736 qui
964 2641 1052 2712 solus
1070 2644 1158 2711 avita

380 2766 558 2849 Gramina,
579 2786 855 2856 communemque
874 2765 957 2858 petis
979 2762 1155 2834 defendere
1174 2781 1331 2835 montem.

379 2884 432 2955 lh
451 2870 562 2952 miseri
581 2880 725 2953 morum!
746 2880 874 2953 bellatis
891 2885 1053 2981 sanguine
1070 2898 1178 2973 tanto,

382 3010 425 3075 Et
443 3004 546 3074 saltus
565 3005 634 3075 dux
650 3004 734 3074 alter
752 3005 860 3073 habet.
871 3034 889 3071 a
908 3008 963 3074 Sic
980 3005 1047 3075 fata
1061 3004 1177 3101 gelatis

386 3125 556 3213 Vultibus,
574 3140 608 3194 et
626 3128 758 3195 Baccho
775 3130 842 3219 jam
861 3126 1066 3222 demigrante
1082 3129 1218 3221 quierit.

431 3256 478 3319 At
496 3246 645 3342 trepidus
666 3262 832 3331 monstro,
849 3263 882 3315 et
898 3248 997 3317 variis
1015 3250 1196 3318 terroribus
1214 3250 1333 3342 impar,

382 3367 539 3464 Longari
560 3392 618 3436 rex
637 3370 723 3437 vatis
741 3394 838 3462 opem
857 3368 1072 3461 tenebrasque
1092 3392 1223 3464 sagaces

380 3489 515 3558 Tiresia
531 3488 612 3584 (qui
628 3513 700 3561 mos
719 3491 844 3559 incerta
860 3489 1080 3585 paventibus)
1097 3516 1183 3586 teger

381 3609 563 3680 Consulit:
585 3608 641 3679 ille
658 3612 749 3691 Deos
769 3634 836 3679 uon
858 3609 949 3706 larga
968 3610 1056 3681 caetle
1071 3614 1269 3706 juvencum,

382 3734 460 3803 Non
481 3730 583 3803 alacri
600 3757 728 3827 penna,
746 3748 804 3801 aut
823 3757 939 3800 verum
958 3734 1162 3826 spirantibus
1180 3736 1278 3821 extis,

381 3857 452 3925 Nec
473 3853 605 3949 tripode
623 3852 804 3948 implicito,
826 3854 1037 3947 numerisque
1055 3856 1266 3948 sequentibus
1286 3842 1376 3931 astra',

379 3976 514 4047 Thurea
535 4000 597 4046 nec
615 4000 715 4069 supra
735 3974 896 4044 volitante
913 3972 1028 4044 altaria
1050 3975 1157 4064 fumo,

380 4100 463 4167 Tam
483 4100 630 4194 penitus,
646 4096 739 4165 durae
758 4120 859 4189 (ruam
875 4099 990 4165 mortis
1008 4095 1111 4167 limit'e
1132 4124 1245 4169 maues
