2934 4950
364 441 417 497 ηε
658 394 870 497 mertuos
890 438 1000 496 ntem
1018 437 1104 493 vsu
1290 434 1384 502 (vae.)

360 565 592 657 Convenitque
608 565 703 652 Deis,
721 562 820 634 hilari
839 588 900 659 per
916 579 1026 633 eastra
1042 558 1191 631 tumultu

352 684 461 791 =Vadit
477 710 582 755 ovans
603 711 610 753 ι
630 708 686 774 ae,
709 685 817 781 prima
836 686 887 754 sui
907 684 1126 771 documenta,
1147 680 1299 751 arcados

358 804 526 876 Tellurem
544 804 675 901 placare
684 822 787 901 parat
803 832 813 875 t
831 830 891 875 nec
906 804 1002 875 futile
1017 804 1142 873 moestis

357 928 397 997 Id
413 929 520 998 visum
537 930 663 1001 Danais
681 954 690 997 ε
709 931 857 1025 geminas
873 952 953 1025 ergo
970 926 1061 998 ilicet
1076 950 1151 997 aras
1249 999 1254 1005 ,

358 1049 546 1118 Arboribus
563 1051 664 1137 vivis,
686 1064 719 1119 et
736 1048 852 1119 adulto
872 1052 997 1145 cespite
1015 1050 1081 1119 texi

358 1174 524 1266 Imperat,
546 1172 807 1265 innumerosque
826 1174 908 1242 Dee
927 1189 986 1241 sua
1006 1192 1148 1239 munera
1166 1168 1284 1253 flores,

358 1295 401 1361 Et
417 1274 567 1361 cumulos
585 1292 736 1387 frugum,
753 1307 788 1362 et
803 1292 967 1387 quidquid
984 1306 1087 1361 novat
1104 1292 1234 1386 integer
1249 1312 1351 1361 annus

357 1412 477 1501 Addit,
496 1428 529 1482 et
549 1389 675 1483 intacto
697 1417 855 1509 spargens
875 1410 992 1482 altaria
1013 1411 1098 1481 laete

358 1535 480 1628 Incipit
501 1560 508 1602 :
528 1537 587 1603 «Θ
605 1534 779 1603 bominum
796 1536 991 1628 Ditemque
1006 1548 1129 1603 remma
1146 1536 1308 1621 creatrix,

358 1655 443 1745 Quae
460 1653 593 1741 fluvios,
612 1653 792 1749 silvasque,
811 1655 999 1725 animarum
1016 1668 1051 1723 et
1067 1656 1197 1723 semina
1214 1655 1327 1723 muudi

358 1777 506 1859 Cuncta,
526 1775 809 1870 Prometheasque
829 1800 968 1863 manus,
988 1776 1212 1870 Pyrrhaeaque
1231 1798 1320 1859 saxa·

360 1896 499 1991 Gignis;
519 1909 552 1965 et
573 1898 722 1991 impastis
742 1921 816 1991 quae
836 1898 947 1991 prima
967 1894 1125 1965 alimenta
1144 1892 1287 1986 dedisti,

359 2018 564 2111 Mutestique
581 2017 683 2103 vices;
703 2042 777 2112 quae
795 2032 938 2113 pontum
956 2016 1146 2112 ambisque,
1167 2017 1338 2111 vobisque,

360 2141 406 2209 Te
423 2130 523 2235 penes
541 2154 574 2209 et
589 2126 756 2235 pecudum
775 2162 855 2235 geos
872 2140 982 2228 mitis,
999 2154 1035 2209 et
1049 2140 1100 2209 ira
1118 2138 1283 2227 ferarum,

361 2264 405 2331 Et
424 2259 598 2331 volucrum
617 2264 766 2356 requies,
783 2261 919 2331 firmum
933 2276 1036 2357 atque
1051 2258 1222 2331 immobile
1241 2260 1350 2331 mundi

363 2383 479 2453 Robur
496 2380 678 2453 inoccidui!
699 2400 732 2453 te
751 2382 845 2453 salos
866 2384 1019 2454 machina
1038 2382 1112 2453 coeli

260 2521 262 2526 '
366 2510 450 2577 Aere
466 2503 665 2600 pendentem
683 2531 808 2595 vacuo,
827 2521 860 2576 te
879 2530 998 2577 currus
1017 2521 1159 2601 uterque

367 2622 493 2696 Cimuit
521 2653 529 2698 :
557 2651 715 2700 oretum
741 2626 868 2716 media,
887 2627 1095 2722 indivisaque
1113 2628 1243 2722 maguis

361 2743 548 2817 Fratribus!
572 2771 652 2844 ergo
672 2746 772 2818 simul
791 2763 842 2819 tot
860 2750 1015 2845 gentibus
1035 2747 1141 2834 alma,
1163 2756 1215 2816 tot'
1234 2747 1308 2821 altis

360 2866 529 2958 Urbibus,
550 2893 589 2938 ac
609 2867 761 2965 populis,
780 2870 961 2965 subterque
979 2895 1019 2939 ac
1036 2867 1179 2964 desuper
1197 2892 1266 2937 uua

360 2987 504 3076 Sufficis3
518 2990 774 3084 astriferumque
790 2991 907 3062 domos
922 2989 1058 3063 Atlanta
1074 3011 1236 3084 supernas

360 3112 461 3180 Ferre
478 3091 704 3198 laborantem,
722 3110 822 3188 nullo,
834 3113 927 3182 sellis
944 3109 1016 3207 ipsa
1032 3111 1164 3200 labore,

363 3231 430 3300 Nos
449 3245 578 3300 tantum
597 3247 732 3326 portare
752 3233 876 3330 negas?
892 3259 972 3320 nos,
990 3235 1095 3321 Diva,
1112 3228 1284 3326 gravaris?

361 3351 479 3442 Quod,
501 3378 636 3449 precor,
658 3357 767 3450 ignari
787 3355 911 3427 luimus
931 3355 1063 3426 scelus?
1083 3381 1126 3425 au
1146 3354 1226 3450 quia
1246 3349 1350 3449 plebe

360 3475 507 3542 Externa
527 3475 674 3544 Inachiis
693 3476 761 3546 huc
780 3475 997 3548 adventamus
1013 3477 1057 3546 ab
1074 3473 1167 3546 oris?

361 3595 472 3662 Omne
490 3595 617 3664 homiui
636 3594 748 3665 natale
766 3596 875 3668 solum
894 3623 902 3666 :
921 3623 985 3667 nec
1002 3613 1055 3688 te,
1072 3599 1217 3693 optima,
1236 3617 1320 3665 saevo

360 3715 534 3808 Tanquam
550 3713 693 3786 hurniles
709 3716 854 3813 populos
871 3717 989 3789 deceat
1004 3717 1211 3814 distinguere
1227 3715 1307 3802 line,

361 3833 519 3929 Undique
536 3835 661 3930 ubique
679 3851 756 3908 tuos
776 3863 785 3907 ε
806 3863 943 3910 maneas
957 3841 1166 3930 communis,
1184 3853 1218 3908 et
1236 3857 1323 3907 uma

235 3959 238 3966 '
360 3955 447 4024 Hinc
464 3971 566 4050 atque
584 3955 663 4028 iude
678 3958 765 4030 feras
782 3986 791 4029 ε
810 3957 927 4049 liceat,
944 3985 1082 4058 precor,
1100 3959 1222 4031 ordine
1234 3954 1309 4029 belli

361 4077 530 4170 Pugnaces
548 4077 661 4148 efflare
679 4081 821 4169 animas,
840 4097 874 4152 et
889 4081 1029 4153 reddere
1043 4079 1139 4152 eoelo.
