2934 4950
630 500 661 551 P.
683 494 807 551 PUBLII
828 492 953 551 snam

373 627 506 719 Torpor
520 638 569 694 est
587 625 710 693 nostris
726 622 797 691 sine
815 635 850 690 te
867 620 1034 691 Camoenis
1045 644 1065 707 ;.

375 744 516 814 Tardius
534 755 629 815 sueto
647 744 739 814 venit
758 744 829 838 ipse
850 741 1032 835 Thymbrae,

375 870 514 954 Rector,
534 880 567 935 et
586 867 704 961 primis
723 888 818 933 meus
839 886 914 932 ecce
933 862 1032 967 metis

472 992 584 1059 Haeret
603 985 758 1058 Achilles.

375 1146 530 1240 Quippe,
551 1159 585 1213 te
605 1142 673 1213 fido
694 1144 882 1230 monitore,
903 1154 1034 1211 nostra·
1099 1148 1101 1155 “

376 1265 519 1335 Thebais
539 1263 646 1334 multa
663 1264 812 1334 cruciata
830 1261 910 1331 lima
926 1354 932 1363 ⁸

375 1388 496 1455 Tentat
507 1372 631 1455 ¹audaci
650 1384 716 1454 fide
734 1387 928 1453 Mantuanae

472 1505 606 1578 Gaudia
620 1505 724 1574 famae.
814 1544 818 1555 ι
1019 1488 1023 1499 i

375 1664 441 1733 Sed
461 1663 578 1733 damus
599 1661 690 1735 lento
711 1663 865 1750 veniam,
883 1660 976 1755 quod
997 1660 1085 1731 alma

379 1781 478 1852 Prole
497 1783 645 1853 fiandasti
665 1806 790 1853 vacuos
809 1794 954 1877 penates.

249 1943 255 1957 x
278 1880 282 1897 ⁸
379 1908 411 1974 0
431 1904 519 1974 diem
539 1900 670 1974 laetum!
690 1905 783 1973 venit
802 1926 877 1973 ecce
898 1903 992 1972 nobis

473 2025 642 2095 Maximus
661 2023 754 2095 alter.

379 2184 516 2254 Orbitas
536 2186 629 2254 omni
645 2182 802 2278 firgienda
818 2184 915 2273 nisu,

378 2306 491 2394 Quam
509 2306 631 2399 premit
650 2305 738 2374 votis
756 2305 910 2375 inimicus
929 2304 1052 2393 haerer,

377 2427 516 2523 Optimo
537 2449 696 2521 poscens,
715 2425 819 2522 pudet
832 2423 921 2530 ¹heu!
942 2426 1171 2521 propinquum

476 2551 591 2617 Funus
612 2550 728 2618 amieo.

379 2705 517 2776 Orbitas
531 2705 627 2777 nullo
645 2707 809 2778 tumulata
826 2707 906 2778 fletu
926 2733 934 2774 :

378 2830 452 2897 Stat
469 2826 568 2896 domo
587 2842 686 2922 capta
706 2829 847 2923 cupidus
867 2842 1034 2922 superstes
1146 2845 1149 2852 '

269 2965 272 2971 ·
380 2947 562 3016 [inminens
581 2947 638 3017 leti
658 2947 790 3042 spoliis,
808 2962 841 3018 et
857 2949 966 3042 ipsum

477 3069 661 3163 Computat
676 3070 798 3162 ignem.

380 3230 489 3296 Daret
508 3229 543 3295 in
562 3226 701 3322 longum
721 3230 1049 3323 generosus'insans3

380 3351 508 3440 Perque
528 3371 596 3416 non
615 3345 729 3418 multis
746 3350 810 3418 iter
828 3349 1019 3443 expeditum

380 3470 517 3539 Crescat
533 3469 569 3536 in
584 3493 693 3538 mores
709 3471 856 3566 patrios,
874 3495 1039 3566 avumque

477 3593 640 3659 Provocat
656 3589 754 3662 actis!

383 3752 435 3817 Tu
454 3764 530 3818 tuos
551 3773 655 3844 parvo
675 3753 875 3823 memorabis
894 3778 1007 3839 enses,

382 3869 478 3957 Quos
494 3869 536 3939 ad
552 3873 660 3941 Eoum
676 3872 792 3943 tuleris
808 3878 990 3963 Orontem,

382 3992 484 4086 Signa
502 3992 638 4064 frenatae
659 3996 851 4066 moderatus
870 3995 929 4066 alae

475 4116 614 4186 Castore
630 4116 771 4187 dextro:
877 4139 879 4144 ·

1225 496 1326 565 <vax-t
