2934 4950
137 326 169 388 (a.
180 329 249 393 313·)
449 330 661 391 THEBAIDOS
683 335 793 393 LIBER
816 336 854 392 11.
1125 339 1183 395 aob

137 462 289 554 apparat
307 458 356 527 ire
377 458 494 529 domos
509 461 637 531 :veluti
655 462 722 532 dux
743 476 877 555 taurus‘,
893 469 1043 533 amata*¹

136 578 232 649 Valle
251 604 386 669 carens,
404 579 539 675 pulsum
557 580 657 653 solito
673 609 775 678 quem
794 587 945 684 gramine
957 587 1071 662 ¹victor

134 702 237 769 Jussit
255 702 298 769 ab
314 715 428 796 erepta
445 700 546 797 longe
561 705 691 799 mugire
704 706 872 801 juvenca:
1085 721 1117 741 ”⁴

133 822 251 909 Quum
268 821 412 918 profirgo
429 822 586 919 placuere
605 827 685 914 tori,
702 828 883 921 cervixque
903 843 1040 925 recepto

135 941 309 1040 Sanguine
328 968 450 1041 magna
465 946 570 1036 redit,
588 946 769 1044 fractaque
786 948 822 1017 in
833 962 979 1044 'pectora
999 952 1110 1021 vires:
1136 967 1140 975 '

131 1064 231 1165 ¹Bella
249 1069 361 1163 cupit,
381 1066 570 1163 saltusque,
588 1084 622 1139 et
638 1084 736 1165 capta
756 1086 907 1140 armenta
923 1074 1085 1167 reposcit,

135 1192 209 1257 lam
228 1186 329 1284 pede,
343 1189 413 1291 jam
433 1214 538 1259 cornu
558 1188 698 1277 melior;
718 1206 820 1287 pavet
837 1192 908 1287 ipse
921 1215 1093 1263 reversum
1119 1199 1123 1207 '

134 1311 264 1397 Victor,
285 1324 320 1379 et
334 1311 468 1380 attoniti
486 1312 543 1379 vix
561 1319 728 1407 agnovere
745 1312 922 1407 magistri..
1009 1382 1012 1388 ,

134 1430 214 1500 Non
230 1426 312 1499 alias
332 1431 432 1500 tacita
448 1430 582 1524 juvenis
601 1430 906 1501 Theumesius-iras
929 1500 932 1508 ,
962 1488 965 1496 ,
1010 1501 1014 1508 ,

133 1552 253 1621 Mente
269 1552 379 1637 acuit3
398 1550 456 1621 sed
470 1550 537 1620 fida
560 1552 648 1641 rias,
666 1564 854 1647 arcanaque
869 1557 992 1650 conjux
1018 1568 1021 1573 '

134 1674 300 1741 Senserat.
318 1674 432 1766 thue
454 1672 536 1763 toris
554 1673 664 1767 primo
682 1670 855 1767 complexa
872 1675 1004 1769 jacebat

133 1796 273 1863 Aurorae
290 1790 416 1888 pallore
433 1793 564 1879 virum,
584 1778 704 1885 «Quos
716 1791 840 1863 ‘callide
858 1809 986 1884 motus,
1000 1887 1002 1890 Ι

134 1914 294 2005 Quamve
308 1911 423 2009 fugam
441 1910 592 1983 moliris?
611 1913 676 2004 ait,
694 1911 743 1983 nil
761 1914 880 1984 transit
896 1930 1057 1985 amantes.

137 2035 270 2124 Sentio,
290 2008 467 2129 pervigiles
487 2048 612 2103 acuunt
630 2035 774 2137 suspiria
790 2049 946 2129 questus,

137 2154 471 2255 Nunquamlu'paue
487 2180 589 2258 sopor
605 2182 614 2229 ε
635 2156 855 2257 quoties-haec
871 2187 931 2232 ora
947 2175 1065 2234 natare

134 2276 300 2370 Fletibus,
321 2297 355 2351 et
371 2306 509 2379 magnas
527 2281 684 2353 latrantia
701 2297 840 2377 pectora
858 2310 955 2355 curas

135 2403 283 2475 Admota
301 2402 614 2499 deprendo'manu!
635 2404 681 2476 nil
702 2405 827 2477 foedere
844 2422 962 2504 rupto,

137 2525 366 2597 Connubiisve
381 2551 483 2621 super
503 2551 653 2614 moveor,
671 2527 840 2622 viduaque
854 2528 1013 2622 jurenta3

137 2646 226 2742 (Etsi
245 2646 369 2744 crudus
384 2673 495 2734 amor,
514 2673 577 2716 nec
596 2647 678 2716 dum
694 2662 770 2742 post
786 2647 940 2718 flammea¹
959 2650 1022 2718 toti

136 2771 319 2862 lntepuere
337 2769 448 2865 tori);
466 2783 523 2838 tua
545 2795 614 2858 me,
632 2769 821 2870 properabo
837 2769 951 2857 fateri,

135 2891 240 2986 Angit
261 2905 372 2960 amata
388 2889 478 2960 salus
494 2918 503 2960 ε
519 2891 857 2990 tuneincomitatus,
874 2892 1010 2962 inermis

135 3015 254 3107 Regna
272 3011 386 3107 petes?
406 3012 601 3107 poterisque
617 3013 682 3080 tuis
702 3010 866 3082 decedere
882 3013 1022 3101 Thebis,

136 3133 170 3200 si
190 3131 311 3227 neget?
327 3147 430 3228 atque
447 3131 541 3202 illum
557 3131 663 3203 solers
680 3132 889 3228 deprendere
910 3158 1043 3232 semper

136 3257 242 3326 Fama
257 3251 374 3344 duces,
395 3253 562 3325 tumidum
582 3247 717 3345 narrat,
734 3263 904 3352 raptoque:
920 3256 1120 3351 superbum,
1154 3287 1158 3295 ,

137 3373 386 3470 Difficilemque
406 3376 468 3446 tibi
486 3404 496 3445 ε
515 3375 660 3446 necdum
676 3391 933 3473 consumpserat
949 3364 1107 3448 anndm.'

136 3499 193 3566 Me
211 3520 347 3593 quoque
368 3491 460 3567 nunc
475 3511 584 3587 vates,
605 3506 697 3567 nunc
713 3509 790 3566 exta
807 3497 971 3566 minantia
992 3499 1112 3586 Divos,
1137 3508 1142 3514 ’

137 3623 205 3689 Aut
222 3619 336 3690 avium
354 3617 485 3717 lapsus,
503 3634 563 3689 aut
578 3618 714 3689 turbida
728 3621 837 3688 noctis
857 3619 968 3713 imago

135 3743 282 3810 Territat
296 3767 305 3811 t
318 3741 379 3832 ah,
395 3741 551 3831 memini,
566 3760 740 3835 nunquam
756 3740 840 3808 mihi
852 3737 935 3810 falsa
949 3743 1160 3837 perumbras

134 3865 222 3933 Juuo
245 3863 362 3932 venit:
379 3887 448 3957 quo
465 3859 573 3932 tendis
592 3860 677 3931 iter?
697 3861 731 3930 ni
750 3860 903 3930 conscius
921 3860 1022 3930 ardor

135 3987 256 4074 Ducit,
278 3999 313 4054 ct
333 3963 378 4056 ad
396 3983 528 4054 Thebas
554 3981 673 4052 melior
693 4006 827 4052 socer.»
848 3982 911 4050 Hic
931 3981 1033 4051 breve
1052 3981 1185 4052 tandem
