2934 4950
343 439 403 498 250
722 427 1023 492 Annorsrrorts

341 557 488 632 quesitam
502 551 732 612 vehementiam:
748 571 812 628 qun
826 551 1009 610 commendat
1024 547 1124 625 liopfii
1134 549 1332 624 conjecturam
1345 570 1395 607 ex·

341 649 464 726 positam
476 667 494 705 a
506 650 671 705 Burmanno
692 646 731 703 ad
745 645 861 704 Antinoi.
881 647 968 712 Lat,
987 645 1044 700 vol.
1065 663 1106 716 tr,
1124 663 1154 718 p.
1169 645 1227 716 677
1244 663 1252 698 :
1266 669 1280 694 ι
1292 644 1396 700 liren-

341 755 400 800 tem
420 763 442 800 s.
467 742 550 819 nigra
567 740 702 816 rubigine
715 759 832 816 purges.
843 764 856 790 n
877 765 889 790 «ι
904 740 945 797 Ut
965 737 1116 812 predicet,
1133 737 1242 814 inquit,
1260 737 1397 794 Mentitur

341 835 441 893 satiras
452 854 514 892 non
531 845 644 890 tantam
657 832 815 890 felicissime
830 831 970 903 condere,
984 831 1048 903 sed,
1063 832 1145 906 quod
1163 834 1256 888 multo
1276 833 1394 906 praecla·

340 929 413 999 rina,
427 927 497 985 vitia
508 927 597 1001 hujus
611 926 757 998 carminis,
771 945 835 1000 qun
848 924 960 1000 priores
966 943 1026 982 nou
1036 925 1104 984 satie
1117 925 1294 1002 effugerant,
1302 944 1397 982 emen-

340 1024 426 1094 titre,
440 1033 469 1079 et
481 1022 590 1079 aclibus
603 1041 636 1078 ac
655 1019 807 1077 testivitate
821 1035 938 1076 succum
951 1018 1080 1094 loliginis
1093 1029 1162 1076 aun
1176 1029 1205 1076 et
1218 1018 1397 1094 rubiginem,

340 1117 538 1192 quibusantea
551 1115 583 1171 iu
597 1113 724 1172 omnium
733 1112 833 1169 odium
847 1111 972 1167 adducta
986 1111 1182 1182 laboraverat,
1197 1121 1359 1185 temperare
1373 1122 1398 1166 et

466 1249 473 1265 .
490 1233 503 1260 ι

338 1227 476 1372 pm
494 1316 617 1371 Hermu
638 1323 832 1370 transcurrere
856 1311 929 1386 ripis
943 1311 981 1384 (v.
1005 1307 1081 1388 107).
1103 1309 1317 1382 Wakefieldus,
1336 1311 1397 1373 silv,

339 1409 416 1476 crit,
431 1410 489 1465 vol.
504 1427 537 1479 v,
550 1425 580 1481 p.
596 1403 634 1464 35
644 1447 653 1477 ,
665 1403 714 1462 bic
727 1404 852 1464 restitut
866 1427 878 1454 α
893 1403 979 1462 fulvis
992 1405 1028 1462 R.
1043 1414 1079 1462 tr.
1095 1404 1175 1473 rivis,
1191 1428 1204 1457 ι
1218 1403 1249 1462 in
1262 1422 1326 1479 quo
1340 1421 1397 1477 po-

339 1512 474 1558 stremum
487 1519 589 1557 veram
596 1499 707 1574 judico.
1138 1559 1144 1573 .

378 1610 474 1666 Corn.
487 1610 539 1666 1v.
552 1604 822 1682 Detnrreoeaquefilu
835 1617 959 1662 senectoe
972 1601 1013 1683 (v.
1030 1623 1045 1675 7
1062 1603 1125 1682 sq).
1141 1603 1258 1678 Optime
1271 1603 1398 1678 explicat

336 1701 458 1772 Maru,
480 1699 692 1775 rumpentibus
704 1698 826 1773 petitam
840 1717 904 1764 ¹esse
923 1697 1123 1772 metaphoram
1141 1697 1265 1768 docens,
1287 1696 1398 1754 collatis

337 1794 449 1868 Plinio,
463 1795 536 1850 Birt.
555 1794 640 1860 Not,
654 1811 746 1856 mx.
761 1790 778 1849 5
794 1812 801 1846 :
817 1817 869 1848 «...
884 1792 1050 1848 membrana
1064 1787 1223 1868 (mquam)
1238 1791 1298 1849 sive
1316 1809 1397 1846 sene-

336 1887 571 1945 cnesvematione
583 1896 689 1956 exnta3
701 1909 714 1935 a
727 1894 758 1941 et
771 1885 834 1960 ipso
848 1885 957 1957 Statio,
969 1883 1185 1956 Thebaid.,1v‚
1198 1883 1310 1960 95sqq.
1324 1885 1397 1939 Nam

336 1980 374 2037 de
393 1989 539 2038 senectute
553 1979 676 2053 proprio
689 1976 852 2054 significatu
866 1978 994 2054 cogitare
1007 1988 1086 2034 vetat
1105 1997 1133 2033 v.
1150 1976 1186 2034 52
1202 1996 1245 2052 sq.
1260 1979 1397 2034 Ceterum

335 2073 461 2130 Rutilius
474 2072 600 2130 Gallicus
612 2083 676 2128 tum
688 2082 750 2128 erat
762 2072 913 2146 prefectus
928 2071 1010 2129 Urbi.
1030 2072 1073 2131 Cf.
1088 2073 1200 2130 Birra.

378 2166 494 2223 Certent
508 2167 609 2222 loetitia
618 2185 631 2234 ,·
649 2184 787 2241 nosseque
807 2183 846 2220 ea·
861 2165 961 2220 ordine
978 2165 1060 2220 collis
1081 2163 1246 2235 Confirmat
1270 2160 1309 2240 (v.
1334 2161 1397 2241 ¹3.)-

336 2259 384 2316 Sic
403 2259 485 2315 Mss.
507 2269 538 2314 et
549 2258 687 2316 sententia
715 2269 744 2314 et
757 2267 849 2314 metro
870 2256 989 2314 violatis.
1015 2254 1207 2330 Reliquorum
1226 2256 1396 2314 tentamini-

335 2352 392 2408 bua
413 2351 560 2422 resumtis,
574 2350 761 2408 Mmilandns
781 2350 921 2407 medelum
940 2368 1002 2406 non
1023 2348 1140 2406 invenit
1157 2348 1229 2406 coc
1244 2347 1394 2426 Rbedig.:

335 2468 351 2497 α
372 2463 539 2519 noseque.=
561 2443 659 2501 Liceat
675 2442 848 2501 substituere
870 2442 986 2501 interim
1008 2466 1021 2495 α
1040 2442 1208 2517 omniaque,
1228 2466 1241 2493 ι»
1260 2440 1395 2517 quodin

335 2548 421 2605 codd.
440 2558 483 2605 est
504 2548 561 2603 boc
575 2547 750 2622 compendio
763 2550 869 2625 cisque.
890 2548 993 2605 Hiatus
1018 2548 1050 2605 in
1073 2549 1128 2604 hnc
1146 2564 1246 2605 versus
1265 2547 1337 2605 sede
1361 2565 1394 2603 ex

334 2640 457 2716 Virgilio
469 2640 641 2697 notissimus.
657 2641 708 2697 His
726 2641 839 2715 scriptis
853 2642 1048 2698 animadverto
1063 2640 1182 2697 similem
1196 2660 1255 2697 esse
1274 2640 1394 2699 Weberi

335 2736 519 2805 sententiam,
533 2736 618 2810 plura
631 2745 726 2791 umen
740 2736 885 2793 mutantis.

377 2840 458 2897 Nova
471 2844 581 2897 saeculo
597 2838 637 2920 (v.
657 2859 690 2911 17
705 2838 772 2919 sq).
787 2840 915 2915 Respicit
928 2841 966 2898 ad
978 2842 1064 2919 ludos
1078 2843 1225 2899 seculares
1248 2862 1266 2899 a
1283 2841 1387 2899 Domi-

334 2933 414 2989 tiano
428 2934 600 3005 celebratos,
615 2945 648 2990 ut
660 2934 749 2989 motis
764 2945 838 3004 eret,
852 2936 891 2991 ad
903 2954 981 2991 nram
995 2935 1130 3008 Terenti,
1144 2936 1174 2991 in
1189 2954 1293 3010 campo
1312 2938 1392 2991 Mar-

334 3027 387 3083 tio.
400 3028 486 3084 Plura
500 3026 632 3083 dabimus
645 3027 682 3082 ad
696 3029 792 3083 Valer.
807 3030 901 3101 Man,
918 3048 957 3098 n,
974 3036 1005 3099 4,
1025 3032 1040 3097 §
1056 3025 1082 3083 5.

373 3133 458 3189 retu
473 3132 511 3209 (v.
531 3131 587 3210 41).
608 3133 701 3189 Curiae
716 3132 865 3209 epitheton
871 3154 880 3204 ;
898 3154 924 3189 v.
945 3136 1065 3190 Minna.
1079 3135 1124 3190 De
1136 3152 1218 3211 sqq,
1235 3154 1263 3190 v.
1280 3138 1391 3205 Gnosi,

335 3226 449 3294 Diam,
463 3245 493 3300 p.
514 3225 570 3281 206
585 3245 649 3300 sqq.

374 3334 409 3386 V.
432 3330 469 3389 58
488 3351 532 3407 sq.
552 3330 701 3407 Significat
714 3335 879 3409 Apollinem
893 3335 1030 3391 Vercellis
1044 3336 1170 3405 cultum3
1188 3334 1255 3390 binc
1277 3337 1389 3409 Apolli-

333 3442 397 3480 rreoe
424 3426 559 3481 Vercellae
587 3442 633 3499 ap.
657 3427 781 3483 Martias.
802 3447 838 3499 x,
855 3430 945 3503 epigr.
972 3447 1016 3484 ra.
1039 3428 1128 3499 lude,
1148 3438 1181 3484 ut
1200 3427 1389 3502 probabiliter

333 3516 451 3589 conjicit
469 3516 589 3589 Marii,
603 3519 744 3576 oriundus
759 3520 884 3577 Rutilius
896 3521 1029 3578 Gallicus.

374 3624 509 3683 θαπηὺια
526 3621 565 3701 (v.
586 3623 645 3702 97).
667 3626 755 3683 Refer
769 3628 807 3683 ad
820 3628 936 3685 eosdem
949 3628 1036 3687 ludos
1056 3628 1203 3685 Seculares
1217 3648 1225 3682 :
1241 3628 1272 3683 in
1286 3628 1389 3703 quibos

332 3734 446 3773 carmen
468 3717 595 3775 seculare
615 3720 809 3794 composuisse
838 3721 979 3777 Rutilium
1001 3722 1048 3778 hic
1071 3723 1151 3778 locus
1172 3722 1324 3779 ostendere
1345 3723 1388 3777 vi-

333 3810 428 3869 detur.

371 3907 493 3961 Versum
505 3923 544 3980 99
558 3924 596 3963 ex
607 3926 663 3963 usu
675 3918 804 3965 veterum
818 3908 942 3983 explicat
955 3910 1084 3967 Gronov.
1092 3952 1101 3983 ,
1109 3910 1201 3967 Dure
1208 3948 1218 3977 ,
1228 3928 1258 3983 p.
1274 3910 1330 3967 283
1343 3928 1385 3982 sq·

371 4012 437 4067 iiim
456 4030 489 4066 se
509 4012 598 4087 cingit
612 4025 728 4088 uterque
747 4001 867 4071 Pieonio
881 4013 920 4093 (v.
945 4014 1022 4094 107).
1036 4016 1227 4091 Hippocrates
1240 4013 1384 4090 praecipit,

332 4114 366 4158 ut
387 4102 504 4177 medici,
524 4106 680 4181 prasertim
701 4107 845 4184 chirurgi,
867 4108 921 4165 sint
941 4120 1018 4167 veste
1047 4110 1159 4167 astricta
1184 4120 1212 4167 et
1237 4110 1383 4165 succincta.
