2934 4950
674 446 704 500 P.
727 435 850 500 runnu
872 437 1009 498 STA'Tli

480 1202 830 1272 PROPEMPTICON
855 1200 997 1270 ΜΕΤΙΟ
1021 1198 1193 1267 CELERI.

777 1515 909 1535 *-

376 1785 440 1872 Dr,
452 1781 573 1877 quibus
583 1782 727 1853 audaces
743 1808 838 1851 amor
856 1796 905 1851 est
922 1805 1053 1850 servare
1069 1781 1222 1868 carinas,

328 1907 485 1996 Saevaque
501 1904 630 1972 ventosi
646 1900 792 1972 mulcere
807 1898 956 1997 pericula
973 1903 1088 1995 ponti,

329 2025 476 2094 Sternite
495 1994 748 2112 inotle'fretnm,
761 2023 997 2119 placidumque
1010 2021 1174 2090 advertite
1185 2025 1276 2092 votis
1310 2031 1313 2037 '

330 2141 534 2232 Concilium,
550 2159 584 2213 et
604 2141 688 2214 lenis
704 2169 773 2214 non
789 2145 960 2238 obstrepat
975 2142 1064 2213 unda
1080 2143 1241 2236 precanti.

377 2264 543 2334 «Grande
563 2281 623 2334 tuo
639 2291 821 2361 rarumque
837 2265 969 2354 damus,
987 2263 1159 2360 Neptune,
1175 2263 1375 2358 profundo

332 2388 529 2482 Depositum
546 2413 555 2456 ε
568 2389 701 2483 juvenis
718 2386 827 2456 dubiae
842 2387 1064 2458 committitur
1079 2383 1156 2454 alno
1363 2381 1368 2389 ’

331 2508 471 2593 Metius,
488 2521 589 2602 atque
604 2510 722 2579 anima
738 2523 868 2603 partem
889 2533 988 2603 super
1003 2530 1136 2602 equora
1152 2520 1278 2575 nostrae

330 2628 497 2721 Majorem
512 2629 690 2700 transferre
712 2644 823 2725 parat,
839 2629 983 2725 proferte
997 2629 1143 2722 benigna

333 2748 463 2836 Sidera,
480 2764 514 2819 et
531 2767 683 2821 antennae
700 2754 834 2846 gemino
852 2750 1015 2821 considite
1033 2774 1153 2836 cornu,

333 2867 468 2938 OEbalii
484 2868 626 2940 fratres:
647 2871 741 2941 vobis
760 2886 950 2965 pontusque
971 2866 1134 2963 polusque

333 2991 460 3059 Luceat
475 3015 484 3058 ε
502 2986 611 3060 Iliacoe
627 2990 726 3086 longe
742 2990 894 3059 nimbosa
910 2990 1032 3059 sororis

332 3111 431 3178 Astra
442 3109 570 3205 fugate,
587 3134 723 3204 precor,
742 3123 879 3205 totoque
895 3107 1060 3179 excludite
1077 3108 1170 3178 coelo.

381 3232 480 3301 «Vos
499 3254 634 3324 quoque
648 3227 846 3320 coeruleum,
866 3230 950 3299 dive
965 3229 1144 3325 Nereides,
1160 3255 1302 3326 agmen,

335 3348 423 3439 Quis
438 3348 563 3440 honor,
581 3365 615 3419 et
634 3354 730 3445 regni
751 3352 847 3420 cessit
863 3350 998 3420 fortuna
1014 3349 1152 3420 secundi

334 3468 470 3566 (Dicere
488 3496 571 3565 quas
586 3472 699 3567 magni
710 3471 759 3541 fas
775 3471 820 3543 sit
834 3472 917 3543 mihi
932 3470 1040 3541 sidera
1058 3468 1189 3567 ponti),

336 3592 468 3685 Surgite
484 3590 525 3660 de
540 3592 653 3660 vitreis
670 3616 835 3687 spumosae
851 3592 996 3663 Doridos
1013 3592 1133 3679 antris,

337 3713 545 3805 Baianosque
560 3715 671 3800 sinus,
691 3728 725 3783 ct
740 3712 807 3782 feta
820 3712 1011 3808 tepentibus
1026 3711 1126 3782 undis

335 3831 449 3901 Litora
465 3832 648 3927 tranquillo
663 3836 817 3904 certatim
835 3834 960 3903 ambite
978 3848 1112 3920 natatu,

336 3954 533 4042 Quaerentes
548 3954 605 4022 ubi
619 3953 704 4024 celsa
726 3956 821 4041 ratis,
843 3980 943 4048 quarn
964 3953 1124 4023 scandere
1140 3953 1263 4048 gaudet

235 4114 241 4131 ·
337 4069 468 4144 Nobilis
485 4076 639 4145 Ausoniae
656 4075 755 4145 Celer
770 4076 1000 4169 armipotentis
1016 4073 1183 4144 alumnus.
