2934 4950
96 455 210 519 itt-745)
413 451 630 514 THEBALDOS
653 456 763 513 LIBER
783 457 833 514 lx.
919 413 922 421 ·
1085 460 1136 528 167

94 581 206 648 Prima
226 581 448 674 Tanagraeum
467 579 614 652 birbavit
633 580 763 652 arundo
781 583 959 652 Coroebum

93 704 254 770 Extremo
272 699 391 797 galee,
408 701 585 797 primoque
600 704 634 772 in
654 704 805 799 margine
822 727 946 799 parmae

93 826 243 918 Angusta
262 822 454 894 transmissa
475 824 553 892 via:
573 839 638 894 stat
658 821 810 894 faucibus
829 823 920 894 unda

92 945 293 1039 Sanguinis,
312 954 345 1013 et
363 945 447 1014 sacri
466 941 569 1016 iacies
587 945 685 1014 rubet
703 947 781 1042 igne
800 947 918 1018 veneni

141 1066 270 1134 Saevius
289 1067 471 1160 Eurytion,
489 1066 543 1135 cui
561 1063 697 1136 luminis
717 1068 799 1136 orbe
816 1068 942 1136 sinistri

89 1189 215 1279 Aspera
234 1164 425 1282 tergeminis
443 1188 530 1258 acies
546 1179 583 1256 se
601 1187 878 1258 condidit‘uncis.

89 1305 149 1375 llie
169 1307 304 1376 trahens
322 1305 421 1386 oculo
439 1305 572 1401 plenam
591 1308 723 1378 labente
742 1311 895 1404 sagittam

86 1429 162 1497 Ibat
182 1431 216 1496 in
236 1444 406 1498 auctorem
424 1455 432 1497 ε
448 1429 505 1498 sed
524 1431 648 1500 Divum
670 1430 770 1500 fortia
788 1431 871 1526 quid
889 1457 956 1501 non

85 1547 169 1618 Tela
187 1549 333 1643 queant?
352 1549 418 1619 alio
440 1552 644 1645 geminatum
661 1550 790 1621 lumine
809 1550 932 1623 vulnus

86 1669 242 1765 Expievit
261 1670 414 1740 tenebras
431 1697 438 1739 :
455 1672 606 1764 sequitur
625 1686 737 1740 tamen
758 1673 932 1768 improbus
950 1673 1098 1756 hostem,

84 1795 164 1882 Qua
185 1793 352 1879 meminit,
372 1791 483 1862 fusum
502 1791 610 1862 donec
627 1793 804 1887 prolapsus
823 1795 859 1864 in
876 1793 970 1864 Idam

85 1913 242 1984 Decidit:
263 1913 319 1982 bic
339 1915 415 1986 saevi
435 1915 536 1984 miser
554 1916 642 1983 inter
661 1915 780 1985 funera
798 1915 876 1985 beili

83 2035 250 2131 Palpitat,
271 2049 304 2105 et
321 2049 478 2123 mortem,
500 2037 691 2130 sociosque,
712 2037 891 2131 hostesque
911 2053 1077 2134 precatur.

132 2155 238 2226 Addit
254 2153 475 2246 Abantiadas,
494 2156 660 2253 insignem
676 2159 825 2228 crinibus
843 2162 989 2255 Argum,

84 2281 129 2347 Et
145 2275 234 2346 male
252 2275 412 2348 dilectum
430 2279 557 2348 miserae
575 2277 722 2376 Cydona
733 2281 852 2348 sorori.

83 2399 136 2468 lili
156 2398 343 2495 perfossum
362 2397 428 2470 telo
448 2397 647 2494 patefecerat
664 2401 811 2497 inguen:
882 2413 885 2421 '

82 2526 172 2593 Huic
191 2523 361 2619 geminum
379 2521 517 2615 obliqua
533 2522 663 2615 trajecit
680 2522 845 2592 arundine
865 2538 1008 2621 tempus.

83 2645 218 2714 Exstitit
234 2644 298 2713 hac
316 2642 457 2730 serrum,
477 2640 572 2713 velox
590 2642 653 2713 hac
673 2667 784 2736 penna
803 2646 981 2735 remansit,

84 2765 194 2835 Fluxit
208 2765 376 2858 utrimque
392 2788 502 2833 cruor.
524 2762 619 2835 Nulli
641 2762 708 2833 tela
728 2789 846 2859 aspera
863 2767 981 2836 mortis

82 2890 172 2955 Dant
186 2887 317 2955 veniam
337 2912 344 2954 :
363 2910 432 2957 non
449 2885 557 2955 forma
569 2889 729 2974 Lamum,
745 2910 814 2955 non
830 2885 937 2959 infula
954 2885 1127 2991 Lygdum,

81 3007 159 3076 Non
178 3006 394 3100 pubescentes
414 3020 569 3077 texerunt
587 3005 708 3079 AEolon
728 3010 820 3078 anni.

80 3129 210 3227 Figitur
229 3151 289 3197 ora
307 3130 447 3216 Lamus,
465 3128 522 3197 flet
540 3130 671 3198 saucius
691 3131 831 3226 inguina
849 3130 1005 3227 Lygdus,

81 3248 266 3318 Perfossam
285 3248 353 3318 telo
372 3250 504 3319 niveam
524 3251 646 3346 gemis,
666 3249 779 3341 AEole,
798 3250 954 3326 frontem.

80 3372 127 3439 Te
147 3394 293 3465 praepeps
311 3369 438 3441 Euboea
456 3366 551 3458 tulit,
572 3384 604 3440 te
624 3370 767 3441 candida
783 3372 908 3444 Thisbe

80 3492 237 3580 Miserat,
253 3492 343 3561 hunc
360 3490 483 3561 virides
500 3516 569 3561 non
585 3488 758 3588 excipietis
771 3494 928 3590 Amyclae.

125 3614 308 3706 Nunquam
329 3637 422 3683 cassa
440 3638 578 3702 manns,
597 3612 728 3683 nulium
743 3615 815 3684 sine
834 3614 974 3687 vulnere
993 3616 1080 3714 fugit

80 3732 204 3804 Missile
222 3760 229 3802 :
247 3758 310 3803 nec
328 3735 459 3829 requies
476 3733 615 3823 dextrae,
637 3737 852 3831 sonitumque
869 3738 976 3832 priori

79 3856 194 3953 iungit
212 3855 340 3925 arundo
359 3882 500 3949 sequens
517 3882 524 3923 ε
541 3881 646 3926 unum
661 3858 738 3952 quis
755 3856 905 3930 crederet
918 3859 1052 3931 arcum?

80 3978 145 4047 Aut
161 3999 264 4047 unam
280 3978 396 4047 saevire
416 3976 575 4047 manum?
599 3975 700 4047 modo
721 3977 836 4075 dirigit
856 3981 960 4070 ictus,

80 4101 177 4169 Nunc
195 4096 298 4169 latere
317 4097 446 4169 alterno
466 4098 587 4169 dubius
608 4101 785 4170 conamina
803 4114 929 4193 mutat,
