2934 4950
329 441 385 498 238
629 435 845 495 THEBMDOS
868 437 982 495 LIBER
1005 437 1056 494 111.
1261 436 1295 496 (t-
1308 435 1376 494 563·)

328 569 421 636 Scire
438 565 531 636 nefas
548 566 698 653 homini;
715 587 777 633 nos
796 587 936 659 prarnm
954 587 993 632 ac
1014 557 1123 630 debite
1140 557 1259 654 vulgus

327 689 473 757 Scrutati
495 687 630 780 penitus
645 689 791 787 Superos
810 710 819 752 :
841 685 926 752 hinc'
941 680 1049 779 pallor
1066 695 1100 752 et
1117 681 1174 750 irc

220 879 232 888 ,
328 809 414 877 ilinc
431 805 556 895 melus,
573 805 785 899 insidiasque,
803 817 836 873 et
853 802 947 872 nulla
965 801 1225 872 modestiarot'n

263 909 267 915 ⁴
374 931 465 1023 Ergo
481 951 585 996 manu
602 928 720 1014 vittas,
731 925 956 1019 danaumque
975 923 1101 994 vertier
1115 935 1205 992 serta

324 1050 475 1144 Deripit‚
496 1049 693 1141 abjectaque
707 1047 894 1116 inhonorus
909 1043 1030 1118 fronde
1046 1042 1200 1114 swoedos

324 1171 438 1239 inviso
453 1169 497 1238 de
516 1183 632 1237 monte
653 1166 744 1236 radit
761 1193 769 1235 :
785 1169 856 1261 jam
869 1164 958 1238 bella
975 1165 1130 1258 tubeque
1271 1149 1273 1154 ἵ

324 1292 506 1376 Cominus,
525 1289 744 1382 absentesque
763 1288 914 1358 fremunt
931 1286 994 1356 sub
1012 1301 1148 1381 pectore
1165 1285 1299 1354 Thebae.

322 1409 384 1480 Ille
402 1437 464 1481 nec
481 1411 678 1506 adspectum
694 1409 806 1504 vulgi,
827 1433 889 1480 uec
907 1408 975 1478 fida
993 1408 1128 1503 tyranni

322 1530 518 1626 Colloquia,
529 1507 595 1601 ‘aut
611 1546 718 1602 coetus
735 1554 916 1627 procerum
932 1529 1097 1626 perferre,
1118 1527 1176 1598 sed
1193 1542 1268 1597 atra

321 1651 405 1721 Sede
421 1655 508 1748 tegi,
526 1667 560 1722 et
581 1655 748 1747 Superum
763 1651 896 1722 clausus
917 1665 1018 1748 negat
1034 1665 1109 1720 acta
1128 1649 1236 1719 fateri.

320 1777 367 1843 Tc
386 1774 497 1868 pudor
516 1788 551 1842 et
568 1797 657 1842 curae
675 1775 823 1844 retinent
843 1799 904 1870 per
923 1799 1018 1862 rura,
1039 1771 1222 1866 Melampu.

370 1897 508 1964 Bisseno
525 1896 651 1989 premit
668 1920 731 1964 ora
747 1895 817 1981 die,
836 1892 1066 1990 populumque
1081 1894 1248 1987 ducesque

321 2015 478 2084 Extrahit
491 2016 637 2085 incertis.
657 2019 703 2084 Et
720 2016 791 2109 jam
811 2039 968 2110 suprema
986 2015 1150 2086 Tonantis

321 2139 340 2204 J
343 2160 418 2204 ussa
434 2134 597 2224 fremunt,
618 2159 784 2229 agrosque
801 2137 897 2224 viris,
913 2159 1105 2230 annosaque
1123 2149 1257 2208 vastant

320 2255 480 2350 Oppida:
497 2253 695 2350 bellipotens
713 2281 783 2350 praa
797 2279 832 2326 se
847 2260 940 2328 Deus
958 2258 1095 2352 agmina
1113 2256 1235 2350 passim

318 2367 414 2444 Mille
429 2377 520 2472 rapit
536 2401 545 2444 t
562 2376 689 2471 liquere
708 2378 840 2465 domos,
858 2376 1047 2472 dilectuque
1061 2375 1127 2448 leti

319 2499 515 2585 Connubia,
530 2513 566 2568 et
580 2500 696 2593 primo
711 2498 882 2595 plorantes
900 2498 1016 2571 limine
1033 2515 1140 2571 natos.

246 2693 249 2697 ,
316 2621 445 2688 Tantus
461 2620 497 2687 in
511 2620 674 2689 attonitos
691 2619 813 2691 cecidit
832 2623 924 2695 Deus
943 2646 1060 2691 :arma
1077 2620 1226 2715 paternis

260 2766 266 2777 ¹
315 2739 489 2826 Postibus,
505 2755 539 2809 et
559 2739 643 2809 fixos
663 2743 834 2833 Superum
852 2740 895 2811 ad
912 2740 1098 2837 penetralia
1112 2767 1232 2813 currus

274 2872 280 2883 '
314 2859 448 2930 Vellere
462 2886 558 2930 amor
576 2887 585 2930 ε
602 2876 686 2931 tunc
699 2860 784 2931 sessa
796 2864 895 2965 putri¹
907 2863 1062 2957 rubigine
1081 2863 1165 2952 tels,

314 2985 565 3077 Horrcntesque
582 2983 651 3054 situ
669 2980 799 3077 gladios
815 2984 853 3051 in
865 3008 952 3055 saera
966 3002 1144 3055 recurrant

315 3101 481 3189 Vulnera,
499 3118 536 3173 et
550 3106 669 3173 attrito
686 3119 814 3199 cogunt
828 3106 1042 3199 juvenescere
1058 3131 1148 3177 saxo.

314 3224 359 3294 Hi
376 3237 498 3293 teretes
516 3222 648 3318 galeas,
668 3242 937 3321 magnorumque
953 3250 1038 3297 aerea
1056 3242 1131 3297 suta

312 3342 519 3431 literanum,
537 3359 573 3415 ct
590 3346 720 3417 tunicas
741 3344 1092 3441 chalybumsquslore
1111 3365 1286 3445 crepantes

311 3466 505 3535 Pectoribus
521 3479 673 3555 tentare3
690 3465 748 3536 alii
767 3470 934 3563 Gortynia
953 3462 1083 3541 lentant

311 3589 474 3658 Cornua:
489 3587 561 3680 jam
580 3585 680 3658 salnes
695 3587 803 3659 avidis
818 3604 852 3659 et
870 3602 982 3661 aratra
996 3593 1156 3683 caminis,

311 3710 513 3800 Rastraque,
531 3721 566 3776 et
584 3707 716 3777 incurri
737 3734 860 3781 saevum
881 3711 1024 3783 rubuere
1044 3710 1191 3809 ligones:

311 3826 446 3899 endere
460 3854 523 3899 uec
539 3828 665 3900 validas
682 3832 806 3902 sanctis
823 3858 842 3902 e
857 3834 1017 3929 stirpibus
1034 3834 1167 3920 hastas,
1225 3822 1236 3837 i
1291 3890 1296 3897 -

311 3952 383 4021 Nec
402 3948 512 4045 pudor
529 3953 669 4021 unerito
687 3950 841 4047 clypeum
861 3955 998 4025 vestisse
1014 3956 1170 4050 juvenco.

358 4073 514 4165 irrupere
529 4074 657 4168 Argos,
675 4076 851 4169 moestique
869 4075 911 4145 ad
928 4075 1044 4146 limina
1067 4079 1153 4173 regis
