2934 4950
359 384 373 440 t
692 411 695 419 -
724 379 753 431 r.
771 376 892 432 runnu
915 374 1036 431 sra‘m
1317 389 1325 441 r
1326 401 1393 426 ,,,,,
1395 390 1406 440 1

357 499 528 588 Pondere3
548 502 721 572 nectardo
743 517 857 596 raptus
875 526 979 596 prope
1003 501 1141 569 flumina
1160 521 1258 567 cursu

357 627 498 709 Fumat,
520 636 552 690 et
571 623 696 717 ingenti
715 620 874 716 propellit
894 624 1071 714 Strymona
1089 620 1180 688 llatn.

405 747 469 810 Par
485 742 579 836 operi
597 741 689 810 sedes
708 768 715 808 :
738 739 817 809 hinc
836 741 934 808 obvia
954 738 1071 809 limina
1088 739 1205 834 pandit

357 863 426 952 Qui
447 861 683 958 lessusbellis,
705 861 835 929 adscitae
853 885 991 929 munere
1011 857 1132 954 prolis,

351 982 488 1051 'Primus
507 982 571 1049 iter
589 981 710 1049 nostris
727 979 873 1048 ostendit
892 980 927 1047 in
947 980 1068 1051 athera
1087 979 1182 1048 divis.

357 1103 504 1171 Discitur
522 1127 539 1169 e
559 1098 654 1188 vultu
671 1114 833 1193 quantum
852 1114 888 1168 tu
904 1101 1018 1169 mitior
1037 1101 1156 1186 armis,

357 1222 426 1309 Qui
447 1221 561 1290 necin
580 1234 732 1288 externos
753 1215 855 1286 facilis
873 1220 987 1286 saevire
1004 1220 1132 1287 furores

357 1343 425 1409 Das
445 1340 550 1408 Cattis
569 1338 733 1430 Dacisque
753 1335 853 1404 fidem
872 1363 880 1404 :
901 1351 933 1405 te
952 1339 1045 1432 signa
1065 1339 1206 1426 ferente,

357 1461 400 1526 Et
419 1458 528 1525 minor
547 1458 582 1524 in
603 1453 691 1550 leges
709 1457 774 1523 iret
789 1481 902 1549 gener,
921 1471 954 1524 et
972 1458 1057 1526 Cato
1076 1459 1199 1526 castris.

358 1578 401 1646 At
421 1573 562 1643 laterum
581 1598 694 1668 passus
710 1575 789 1641 hinc
806 1573 894 1642 Julia
914 1589 999 1643 tecta
1020 1590 1170 1662 tuentur3

357 1692 454 1762 Illinc
474 1691 623 1786 belligeri
644 1689 793 1767 sublimis
812 1694 903 1787 regia
922 1692 1027 1762 Pauli.

357 1817 464 1907 Terga
482 1825 586 1906 pater,
607 1809 797 1905 blandoque
815 1812 906 1881 videt
924 1813 1113 1882 Concordia
1132 1812 1236 1881 vultu.

405 1931 481 2029 Ipse
501 1948 611 2003 autem
632 1959 718 2028 puro
740 1933 864 2005 celsum
884 1949 985 2031 caput
1004 1960 1079 2004 aere
1098 1950 1210 2030 septus

357 2054 495 2148 Templa
514 2054 735 2149 superfulges,
755 2068 789 2124 et
807 2071 1018 2150 prospectare
1037 2055 1178 2144 videris,

357 2178 410 2244 An
428 2199 515 2242 nova
534 2176 731 2273 contemptis
745 2190 882 2268 surgant
900 2172 1036 2268 pallatia
1053 2175 1193 2244 flammis
1214 2238 1217 2243 ⁴

357 2291 531 2362 Pulchrius
553 2318 561 2360 t
583 2317 625 2362 an
646 2295 746 2362 tacita
762 2291 878 2386 vigilet
894 2293 964 2362 face
981 2296 1119 2362 Troicus
1140 2296 1243 2388 ignis,

357 2414 467 2506 Atque
484 2410 670 2506 exploratas
684 2413 754 2507 jam
775 2409 888 2482 laudet
906 2415 1009 2482 Vesta
1028 2415 1203 2483 ministras.

357 2534 483 2601 Dextra
503 2544 593 2599 vetat
613 2556 742 2625 pugnas
763 2558 771 2599 ε
792 2529 908 2601 laevam
926 2533 1075 2603 Tritonia
1094 2534 1187 2627 virgo

358 2652 437 2719 Non
457 2664 591 2744 gravat,
605 2664 638 2718 et
656 2666 752 2719 sectae
768 2651 944 2745 praetendit
962 2650 1048 2720 colla
1065 2652 1226 2740 Medusa,

306 2824 308 2827 .
357 2771 429 2837 Ceu
449 2769 589 2838 stimulis
609 2769 769 2839 accendat
789 2796 921 2863 equum.
943 2773 1015 2840 Nec
1034 2760 1163 2840 dulcior
1181 2797 1319 2867 usquam

358 2890 460 2957 Lecta
478 2888 546 2957 deza
565 2888 671 2973 sedes;
692 2914 754 2957 nec
773 2890 815 2975 si,
835 2904 940 2984 pater,
959 2890 1029 2982 ipse
1049 2902 1176 2959 teneres
1198 2917 1227 2957 :v

357 3010 515 3094 Pectora,
536 3031 607 3099 quae
627 3006 744 3075 mundi
763 3006 897 3076 valeant
916 3007 1068 3076 evolvere
1086 3033 1201 3096 curas,

358 3129 400 3193 Et
418 3124 490 3218 quis
510 3150 544 3195 se
565 3126 641 3193 totis
661 3130 798 3195 Temese
816 3126 907 3196 dedit
923 3127 1042 3196 hausta
1058 3126 1208 3200 metallis.

357 3247 389 3312 It
407 3258 499 3338 tergo
520 3244 660 3314 demissa
680 3244 826 3339 chlamys
846 3272 855 3315 ε
877 3244 962 3315 latus
982 3272 1061 3316 ense
1078 3249 1190 3341 quieto
1258 3311 1263 3319 .

359 3366 538 3450 Securum3
557 3389 697 3459 magnus
716 3379 843 3458 quanto
862 3392 1021 3436 mucrone
1040 3368 1187 3436 minatur

358 3484 520 3553 Noctibus
539 3483 701 3584 hibernis,
719 3498 753 3552 et
773 3485 881 3554 sidera
898 3500 1001 3556 terret
1021 3489 1139 3556 Orion.

407 3610 453 3676 At
469 3606 615 3699 sonipes,
631 3606 764 3675 habitus
780 3609 974 3702 animosque
992 3610 1139 3678 imitatus
1159 3622 1349 3703 equestres,

359 3726 478 3793 Acrius
498 3723 619 3793 attollit
635 3723 767 3812 vultus,
788 3749 987 3821 cursumque
1003 3730 1149 3797 minatur
1165 3755 1173 3796 τ

359 3844 423 3913 Cui
440 3844 554 3939 rigidis
570 3858 658 3913 stant
675 3842 760 3913 colla
777 3846 882 3939 jubis,
897 3848 1058 3942 vivusque
1077 3873 1139 3942 per
1157 3873 1266 3917 armos

358 3965 526 4056 Impetus3
543 3977 577 4032 et
592 3964 692 4032 tantis
710 3963 891 4035 calcaribus
911 3964 968 4036 ilia
985 3965 1050 4036 late
