2934 4950
378 434 413 502 st
694 421 908 490 ramsmos
928 431 1040 488 nmen
1059 431 1094 486 v.
1307 431 1400 492 iver-t

421 565 533 636 causa
551 558 613 631 riae
631 559 792 655 genitrix,
811 583 873 628 nec
894 557 1063 653 inhospita
1086 572 1171 628 tecta
1190 557 1335 652 Lycurgi

327 672 331 681 ¹
376 684 591 755 Praebnerant
610 680 736 768 aditus,
757 695 790 748 et
808 681 962 775 protinus
981 677 1037 748 ille
1057 693 1198 773 tyranno

375 807 524 878 Nuntius
540 804 709 874 exstincte
726 801 916 872 miserando
934 800 1072 871 vulnere
1087 800 1201 896 prolis.
1272 857 1274 864 .

375 931 468 1022 Ergo
486 925 610 996 adsum
625 924 766 994 comites
782 923 869 1020 (pro
887 923 971 1012 fors,
992 937 1027 994 ct
1044 947 1130 994 ceca
1147 923 1253 998 litturi

376 1052 475 1118 Mens
490 1041 706 1140 hominuml)
723 1046 862 1140 regique
878 1043 1015 1114 lavent:
1033 1043 1091 1114 sed
1106 1048 1251 1114 Lemnos
1267 1041 1310 1114 ad
1325 1067 1405 1114 aures

378 1174 424 1242 Ut
439 1169 605 1264 primum,
626 1165 800 1260 dictusque
816 1166 944 1255 Thoas,
961 1189 1022 1262 per
1040 1165 1124 1256 tela,
1142 1190 1326 1260 manusque

378 1293 570 1377 lrruerunt,
588 1301 798 1381 matremque
816 1286 923 1356 avidis
939 1285 1167 1380 complexibus
1185 1285 1287 1356 ambo

378 1413 551 1508 Diripiunt
570 1409 702 1498 flentes,
723 1407 918 1502 alternaque
936 1423 1074 1505 pectora
1092 1425 1233 1480 mutant.

427 1530 490 1603 llla
506 1530 599 1601 velut
615 1556 714 1626 rupes
731 1532 871 1600 immoto
889 1555 985 1602 saxea
1002 1533 1075 1600 visu

379 1659 508 1742 Haeret,
527 1667 562 1723 et
578 1653 722 1747 expertis
740 1677 809 1722 non
829 1651 930 1722 audet
947 1651 1081 1723 credere
1100 1652 1206 1722 Divis.

380 1780 428 1846 llt
444 1800 525 1846 vero
541 1789 576 1844 et
591 1773 721 1862 vultus,
739 1789 773 1842 ct
789 1776 883 1868 signa
900 1777 1013 1869 Argoa
1029 1771 1152 1844 relictis

379 1895 543 1983 Ensibus,
562 1909 663 1987 atque
679 1894 827 1962 humeris
845 1893 1021 1964 amborum
1041 1895 1185 1964 intextus
1198 1896 1315 1984 lason,

381 2019 561 2088 Cesserunt
577 2013 703 2104 luctus,
721 2015 922 2109 turbataque
939 2039 1077 2086 munere
1095 2030 1188 2086 tanto

381 2139 536 2226 Corruit,
558 2152 658 2231 atque
677 2135 744 2207 alio
763 2136 963 2206 maduerunt
983 2134 1109 2205 lumina
1130 2137 1221 2206 lletu.

384 2257 509 2328 Addita
525 2258 621 2353 signa
639 2256 736 2351 polo,
757 2256 898 2352 letoque
914 2256 1064 2329 ululante
1081 2257 1227 2328 tumultu

382 2380 575 2476 Tergaque,
593 2393 626 2447 et
645 2405 712 2448 aera
729 2381 794 2448 Dei
814 2395 920 2450 motas
938 2405 1097 2476 crepuere
1112 2405 1173 2476 per
1187 2405 1296 2450 auras.

430 2504 528 2571 Tunc
544 2503 620 2596 pius
637 2499 813 2588 OEclides,
831 2516 869 2571 ut
886 2503 995 2598 prima
1013 2501 1143 2571 silentia
1158 2501 1252 2599 vulgi

383 2620 522 2692 Mollior
538 2622 588 2689 ira
603 2619 714 2710 dedit,
734 2620 948 2717 placidasque
963 2624 1099 2693 arcessit
1114 2622 1158 2692 ad
1173 2612 1295 2695 aures:

434 2740 601 2830 «Audite,
620 2767 642 2810 o
661 2741 783 2812 ductor
800 2744 949 2831 Nemeae,
967 2741 1108 2837 lectique
1124 2760 1276 2839 potentes

385 2862 570 2952 Inachidae,
590 2888 665 2957 quae
683 2878 792 2933 certus
813 2865 868 2959 agi
889 2864 1078 2935 manifestat
1097 2864 1229 2962 Apollo.

386 2985 452 3054 Iste
468 2976 604 3078 quidem
622 2984 785 3080 Argolicis
804 2986 895 3055 haud
911 2984 991 3057 olim
1012 2985 1179 3057 indebitus
1197 2991 1297 3059 armis

386 3109 512 3176 Luctus
531 3105 627 3177 adest
648 3131 655 3174 :
677 3121 771 3176 recto
790 3107 997 3177 descendunt
1015 3108 1119 3181 limite
1136 3114 1259 3186 Parca.

387 3228 432 3297 Et
448 3228 518 3297 sitis
536 3228 673 3297 interitu
689 3227 887 3317 fluviorum,
907 3244 940 3298 et
956 3229 1063 3300 letifer
1079 3234 1215 3328 anguis,

388 3350 433 3416 Et
452 3372 551 3443 puer,
571 3348 637 3418 heu
657 3350 762 3419 nostri
784 3351 932 3445 signatus
952 3330 1087 3420 nomine¹
1108 3352 1185 3441 fati,

388 3468 610 3539 Archemorus
629 3495 637 3538 ι
655 3484 777 3540 cuncta
796 3470 866 3543 haec
885 3474 1050 3568 Superum
1068 3473 1209 3545 demissa
1231 3502 1373 3572 suprema

387 3590 504 3658 Mente
521 3589 631 3659 fluunt
648 3616 656 3658 τ
675 3590 808 3661 differte
827 3594 971 3680 animos,
992 3594 1175 3690 festinaque
1193 3596 1258 3667 tela

388 3711 507 3779 Ponite
525 3737 533 3779 τ
551 3714 717 3783 mansuris
734 3713 909 3784 donandus
926 3715 1110 3787 bonoribus
1128 3718 1263 3789 infans:

388 3834 433 3900 Et
451 3831 573 3902 meruit
592 3858 600 3899 t
618 3833 674 3903 det
691 3832 833 3929 pulchra
852 3837 918 3905 suis
936 3835 1094 3908 libamina
1111 3840 1216 3909 virtus

389 3952 564 4038 Manibus,
584 3968 685 4047 atque
704 3956 831 4025 utinam
855 3955 965 4052 plures
986 3960 1153 4030 innectere
1171 3988 1306 4058 pergas,

389 4072 529 4159 Phoebe,
551 4098 679 4164 moras,
699 4100 895 4171 semperque
916 4080 1011 4149 nevis
1032 4079 1156 4152 bellare
1177 4099 1324 4155 vetemur
