2934 4950
367 396 423 454 192
677 375 896 434 rursuuos
917 378 1086 435 uorax
1295 379 1399 443 taso.)

414 505 491 572 Una
511 527 627 573 omnes
648 504 831 600 eademque
848 505 939 575 subit
957 503 1103 575 formido
1118 530 1178 600 per
1196 529 1313 578 annos.

362 635 510 702 Poscunt
523 631 590 701 fata
608 655 719 720 senes,
740 631 849 720 ardet,
867 629 1037 726 palletque
1050 632 1227 725 juventus,

200 762 206 774 '
309 795 312 802 ,
363 755 460 827 Atria
479 753 629 824 femineis
648 753 820 850 trepidant
838 751 966 824 ululata
988 752 1142 851 querelis.

366 875 465 947 Fient
483 877 595 972 pueri,
614 893 647 948 et
666 875 771 980 flendi
787 892 960 972 nequeunt
976 901 1177 972 cognoscere
1192 883 1309 948 cauus

367 999 527 1088 Attoniti,
548 1015 582 1071 et
599 1014 733 1071 tanturn
750 1015 898 1070 matrum
913 998 1061 1070 lamenta
1078 1000 1243 1069 timentes.
1288 980 1294 992 ’

343 1118 447 1245 ⁶Illas
465 1122 556 1218 cogit
575 1147 691 1210 arnor,
710 1147 772 1193 nec
789 1123 917 1193 habent
935 1137 1085 1192 extrema
1101 1120 1277 1217 pudorem.

366 1248 452 1340 Ipsae
473 1243 539 1315 tela
559 1246 661 1336 viris,
682 1247 761 1340 ipsae
782 1244 865 1314 iram
884 1245 1081 1338 animosque
1106 1244 1321 1331 ministrant,

365 1371 639 1463 Hortanturque,
656 1392 792 1462 unaque
806 1380 926 1454 ruunt,
945 1391 1008 1435 nec
1027 1366 1118 1435 avita
1136 1373 1306 1460 gementes

365 1490 519 1568 Limina,
536 1513 597 1560 nec
615 1513 738 1584 parvos
755 1503 885 1559 cessant
902 1487 1079 1558 ostendere
1096 1500 1203 1557 natos.

414 1611 542 1682 Sicubi
560 1611 714 1706 pumiceo
730 1625 845 1706 pastor
864 1625 1022 1705 rapturus
1040 1609 1083 1678 ab
1099 1622 1198 1696 antro

366 1736 520 1805 Armatus
536 1735 647 1804 erexit·
658 1758 755 1828 apes,
777 1732 889 1803 fremit
907 1755 1024 1826 aspera
1039 1732 1148 1833 nubes
1165 1755 1173 1797 τ

366 1859 475 1950 Inque
492 1856 597 1925 vicem
615 1877 687 1924 sese
706 1853 850 1926 stridore
868 1855 1071 1942 hortantur,
1090 1867 1125 1921 et
1139 1875 1257 1920 omnes

367 1977 481 2046 Hostis
496 1977 534 2045 iu
552 2000 612 2045 ora
630 1974 764 2063 volant,
778 1964 859 2046 inor
874 1974 1107 2044 deficientibus
1124 1970 1185 2042 alis

261 2087 265 2108 ’
368 2095 538 2193 Amplexae
554 2096 741 2193 flavamque
757 2097 895 2167 domum
912 2098 1111 2191 captivaque
1129 2092 1298 2189 plangunt

368 2218 491 2308 Mella,
507 2217 743 2314 laboratasque
755 2203 913 2314 premunt
926 2219 970 2288 ad
983 2233 1118 2314 pectora
1128 2241 1233 2288 ceras.

419 2344 490 2413 Nec
506 2367 575 2412 non
593 2342 748 2439 ancipitis
769 2357 899 2438 pugnat
914 2320 1088 2412 sententia
1101 2339 1213 2436 vulgi,

370 2463 615 2561 Discordesque
632 2443 717 2535 serit
734 2480 846 2536 motus
861 2471 874 2535 ἐ
892 2464 928 2536 1ιί
947 2463 1087 2534 reddere
1103 2463 1241 2534 fratrem

370 2590 442 2661 Nec
454 2603 620 2676 mussant3
639 2587 697 2658 sed
718 2613 802 2658 voce
820 2586 952 2683 palam,
965 2586 1124 2681 claroque
1138 2583 1285 2655 tumultu

370 2708 524 2781 Reddere
543 2736 644 2806 regua
661 2689 783 2804 jubent
804 2736 812 2777 ε
834 2711 935 2805 periit
954 2706 1252 2801 reverentia'regis

372 2829 527 2902 Sollicitis
545 2856 553 2899 ε
574 2833 730 2921 «veniat,
750 2844 955 2926 pactumque
973 2830 1029 2930 hic
1041 2812 1215 2923 computet
1233 2851 1371 2912 anuum,

373 2952 603 3048 Cadmeosque
624 2951 708 3023 lares
729 2950 839 3054 exsul,
864 2952 1054 3047 patriasque
1076 2950 1199 3020 salutet

371 3073 493 3145 Infelix
513 3076 666 3153 tenebras
688 3102 696 3143 :
718 3090 913 3145 curantem
933 3099 996 3169 ego
1015 3073 1178 3168 sanguine
1196 3068 1346 3155 fiaudes,

373 3200 416 3268 Et
433 3199 568 3293 perjura
583 3194 674 3268 luam
693 3196 816 3294 regalis
832 3174 970 3267 criniiua
989 3194 1135 3267 noxaeio
1211 3204 1216 3213 '

372 3317 455 3388 Inde
467 3319 524 3390 alii
542 3346 550 3387 :
570 3322 682 3390 «Sera
696 3322 759 3390 ista
771 3318 870 3421 fides,
883 3321 954 3414 jam
973 3320 1108 3389 vincere
1127 3315 1301 3387 mavult.»
1362 3385 1368 3395 ,

422 3442 571 3511 Tiresian
592 3439 647 3511 alii
667 3440 822 3539 lacrymis
842 3457 877 3513 et
895 3439 1044 3541 supplice
1064 3455 1151 3510 coetu

373 3565 500 3650 Orant,
520 3560 677 3657 quodque
697 3568 804 3634 ununi
822 3563 922 3633 rebus
940 3561 1090 3633 solamen
1103 3563 1142 3631 iu
1156 3564 1276 3647 arctis,

375 3685 482 3755 Nosse
499 3682 613 3754 futura
631 3700 755 3781 rogant
774 3712 783 3754 ε
803 3659 968 3760 tenetille
987 3683 1132 3774 inclusa,
1152 3686 1336 3780 premitque

376 3808 457 3874 Fata
476 3807 587 3875 Deum
607 3832 615 3875 :
632 3836 648 3872 α
666 3808 800 3897 Quiane
818 3822 897 3877 aute
911 3806 988 3877 duci
1008 3807 1095 3877 bene
1113 3805 1240 3877 credita
1260 3819 1363 3875 nostra

374 3923 523 3997 Consilia
541 3943 575 3997 et
594 3930 759 4019 monitus,
781 3928 1035 4028 quuur'perfida
1053 3926 1143 3999 bella
1162 3924 1328 3999 vetarem?

376 4050 424 4118 Te
443 4064 571 4141 tamen,
592 4049 724 4142 infelix,
745 4034 872 4147 inquit,
893 4052 1110 4156 perituraque
1128 4051 1258 4141 Thebe,
