2934 4950
353 346 407 416 146
655 346 867 404 Tmtmos
887 344 1001 403 mlta
1016 346 1067 403 tx.
1274 359 1368 426 (rurs.)

348 476 509 543 Vertitur.
530 466 701 543 Imbellem
720 496 788 541 uon
807 473 855 540 sic
872 470 1027 566 amplexa
1042 471 1229 573 juvencum·

347 593 530 664 Infestante
548 589 643 688 lupo,
663 619 767 689 quum
784 596 931 687 primum
950 591 1031 663 loeta
1049 604 1162 662 utetur

348 718 473 801 Mater,
493 730 525 784 et
542 714 678 809 ancipiti
697 714 888 783 circumfert
900 738 1028 783 cornua
1046 738 1151 809 gyro:

347 840 425 932 Ipsa
447 835 529 906 nihil
550 852 719 921 metuens,
740 858 902 930 sexusque
920 834 1026 904 oblita
1046 836 1204 923 minoris,

346 961 503 1053 Spumat,
519 973 552 1027 et
572 960 721 1053 ingentes
743 958 894 1026 imitatur
913 956 1037 1026 femina
1057 972 1182 1025 tauros.

395 1078 544 1149 Tandem
563 1081 752 1149 intermissa
770 1077 979 1171 iaculantum
997 1078 1086 1147 nube
1103 1092 1248 1173 potestas

346 1199 500 1283 Reddere
519 1199 584 1269 tela
604 1199 668 1269 fuit
682 1226 690 1269 :
706 1224 850 1293 namque
870 1213 902 1269 et
919 1200 1092 1293 Sicyonius
1112 1197 1219 1268 Alcon

341 1327 493 1413 ⁸Venerat
512 1320 653 1410 auxilio,
674 1324 842 1416 Pisaeaque
859 1322 1014 1416 praepetis
1033 1319 1100 1388 Idae

340 1416 459 1559 ,Turba
477 1444 582 1531 subit,
602 1468 812 1536 cuneumque
827 1441 957 1535 replent
974 1468 982 1510 ε
1000 1443 1051 1510 his
1067 1440 1170 1511 fretus
1194 1442 1228 1509 in
1246 1441 1351 1510 hostes

341 1568 516 1635 Ternaeam
535 1567 616 1659 jacit
636 1568 706 1660 ipse
727 1566 877 1634 trabem:
897 1563 986 1635 volat
1005 1563 1059 1632 illa
1077 1566 1207 1659 sagittis

347 1689 454 1781 AEqua
473 1685 569 1781 luga,
589 1686 803 1781 mediumque
823 1684 907 1755 nihil
926 1700 1083 1773 cunctata
1100 1684 1231 1757 Politen

345 1808 541 1895 Transabit,
560 1822 592 1877 et
608 1810 717 1901 juncti
736 1806 891 1903 clypeum
908 1823 1005 1877 cavat
1020 1808 1174 1903 improba
1193 1809 1316 1904 Mopsi.

343 1927 475 1997 Phocea
493 1944 573 1998 tunc
594 1927 750 2021 Cydona,
768 1930 1055 2024 'l'anagraeumque
1074 1926 1291 2014 Phalantum,

344 2028 454 2142 htque
469 2052 624 2143 Erycem,
639 2051 727 2119 hunc
743 2066 832 2118 retro
850 2074 1067 2138 conversum,
1082 2065 1115 2118 et
1128 2047 1192 2118 tela
1208 2062 1378 2143 petentem,

344 2172 434 2238 Dum
454 2194 528 2265 spes
546 2169 636 2239 nulla
655 2172 766 2257 necis,
783 2172 904 2241 crinito
921 2196 940 2239 a
958 2173 1080 2240 vertice
1096 2171 1179 2265 figit.

344 2289 509 2358 Faucibus
531 2287 586 2358 ille
608 2292 696 2359 cavis
716 2292 846 2360 hastam
866 2316 934 2361 raon
953 2316 1012 2360 ore
1030 2304 1198 2385 receptam

345 2412 489 2481 Miratur
506 2413 673 2500 moriens,
692 2414 885 2508 pariterque
904 2426 938 2482 et
955 2436 1128 2482 murmure
1147 2410 1269 2506 plenus

345 2535 505 2626 Sanguis,
526 2548 558 2602 et
578 2532 707 2628 expulsi
730 2534 892 2603 salierunt
912 2534 1050 2629 cuspide
1066 2533 1194 2603 dentes,

343 2653 451 2722 Ausus
472 2669 543 2724 erat
558 2654 648 2723 furto
668 2655 821 2724 dextram
841 2657 1000 2749 injectare
1019 2661 1187 2724 Leonteus

343 2776 433 2841 Pone
451 2775 540 2842 viros
556 2789 656 2869 atque
671 2801 763 2844 arma
783 2775 906 2865 latens,
926 2778 1139 2871 positumque
1157 2775 1311 2847 trahebat

342 2895 466 2964 Prenso
485 2896 577 2964 crine
596 2912 697 2990 caput
716 2923 723 2964 :
741 2896 842 2985 vidit,
864 2921 1056 2991 quenquam
1075 2895 1224 2990 undique
1241 2895 1355 2964 crebre

341 3015 575 3110 Hippomedon
594 3027 671 3086 ante
687 3043 747 3087 ora
768 3021 882 3107 minae,
902 3043 1056 3113 sevoque
1075 3033 1268 3112 protervam

342 3134 491 3206 Abstulit
504 3161 581 3206 ense
591 3164 745 3227 manum;
759 3138 857 3209 simul
867 3142 1031 3234 increpat:
1044 3143 1160 3209 «Hanc
1175 3134 1361 3230 tibiTydeus

340 3255 471 3348 Tydeus
490 3259 560 3351 ipse
577 3261 684 3354 rapit:
700 3276 778 3355 post
791 3277 826 3330 et
839 3261 989 3331 confecta
1006 3264 1156 3329 virorum

324 3382 429 3448 .Fata.
441 3382 538 3468 time,
561 3381 766 3478 magnosque
786 3385 887 3452 miser
906 3384 985 3480 llige
1006 3399 1145 3478 tangere
1163 3406 1309 3454 mane.»

340 3501 405 3568 Ter
425 3501 580 3571 Cadmaea
600 3500 747 3599 phalanx
767 3519 902 3574 torvum
920 3504 1089 3574 abduxere
1109 3503 1259 3590 cadaver,

324 3613 403 3690 ¹Ter
423 3623 597 3693 retrahunt
616 3627 733 3698 Danai.
754 3626 857 3697 Siculi
876 3625 966 3694 velut
981 3628 1080 3695 anxia
1094 3627 1216 3721 puppis

339 3742 509 3811 Seditione
526 3747 647 3834 meris,
666 3751 888 3843 nequicquam
906 3747 1063 3818 obstante
1081 3747 1256 3842 magistro,

339 3867 457 3947 Errat,
475 3880 509 3934 et
526 3890 644 3939 averso
662 3868 749 3948 redit
766 3870 802 3940 in
817 3869 958 3965 vestigia
975 3866 1060 3936 velo.

388 3987 466 4056 Non
487 3986 533 4056 ibi
553 3989 698 4062 Sidoniae
717 3989 897 4060 ralulssent
914 3985 1037 4084 pellere
1058 4011 1167 4083 coepto
