2934 4950
367 396 420 435 ιιο
653 372 883 461 'mutuos
901 368 1016 428 mult
1033 369 1095 425 Vll.
1283 382 1315 431 t'·
1325 366 1383 428 ⁶5⁵·l

363 506 464 575 Crine
482 500 587 569 latent
605 498 736 569 humeri
757 523 765 565 ι
785 509 939 566 crescunt
958 492 1117 587 lanugine
1133 488 1247 578 malae,

363 626 407 691 Et
424 620 520 690 rubet
540 615 681 688 imbellis
699 617 800 709 Tyrio
819 615 1004 685 subtemine
1024 613 1163 682 thorax:

363 741 569 833 Brachioque
587 739 622 807 in
642 737 800 823 manicis,
818 750 853 803 et
869 736 966 829 pictae
984 730 1119 801 vincula
1137 730 1277 826 plautae,

308 836 313 852 ¹
364 858 586 951 carbaseique
605 859 717 944 sinus,
732 870 767 924 et
785 852 888 923 fibula
907 852 1014 923 rasilis
1033 876 1116 923 auro

364 979 549 1047 Taenariam
567 975 657 1046 fulva
676 974 850 1045 mordebat
869 973 995 1069 iaspide
1014 971 1155 1067 pallam,

365 1100 477 1189 Quam
496 1120 635 1193 supera
654 1110 748 1189 tergo
767 1093 863 1164 velox
882 1108 1032 1188 corytus,
1051 1107 1084 1162 et
1104 1116 1219 1178 murs,

365 1216 615 1309 pendentesque
633 1228 752 1283 sonant
769 1229 885 1283 aurata
902 1211 997 1309 lynce
1018 1214 1191 1308 pharetrae.

367 1343 398 1407 lt
418 1336 610 1432 lymphante
628 1339 702 1407 Deo
721 1335 830 1404 media
848 1337 935 1403 inter
953 1332 1057 1403 millia
1073 1333 1212 1428 longum

367 1457 563 1525 vociferans
583 1481 591 1523 :
610 1454 813 1525 «Prohibete
829 1478 947 1523 manus
966 1479 975 1521 :
995 1454 1065 1522 blec
1084 1454 1195 1522 omine
1218 1452 1331 1522 dextro

367 1578 493 1647 Moenia
512 1576 668 1670 Cyrrhaea
688 1576 885 1644 monstravit
904 1572 1025 1668 Apollo
1041 1574 1195 1666 juvenca.

372 1697 513 1782 Parcite,
533 1697 567 1764 in
586 1693 656 1764 haec
675 1694 765 1763 ultro
783 1691 910 1788 scopuli
930 1717 1048 1761 venere
1066 1690 1226 1762 volentes

370 1819 460 1885 Gens
480 1830 606 1884 sacrata
626 1838 765 1883 sumus:
786 1838 889 1908 gener
907 1814 985 1882 huie
1004 1828 1054 1881 est
1070 1814 1225 1909 luppiter
1245 1812 1336 1893 urbi,

372 1934 603 2029 Gradivusque
614 1958 729 2004 socer:
748 1934 914 2003 Bacchum
933 1930 1023 2002 haud
1043 1934 1225 2003 mentimur
1237 1931 1392 2001 alumnum

371 2058 414 2125 Et
435 2080 591 2149 magnum
612 2052 792 2125 Alciden.»
810 2056 952 2123 lactanti
971 2053 1050 2125 talia
1068 2053 1191 2123 frustra

372 2174 539 2244 Turbidus
560 2176 649 2243 aeria
666 2176 841 2269 Capaneus
859 2176 1004 2244 occurrit
1021 2175 1056 2245 in
1075 2175 1181 2243 hasta.

375 2292 492 2383 Qualis
513 2295 570 2364 ubi
588 2295 730 2389 primam
751 2291 802 2363 leo
822 2320 919 2363 mane
936 2293 1102 2363 cubilibus
1121 2294 1200 2364 atris

375 2416 487 2484 Erexit
500 2414 641 2503 rabiem,
654 2430 689 2484 et
701 2439 786 2484 saevo
802 2414 992 2510 speculatur
1009 2414 1050 2484 ab
1067 2428 1163 2484 anuo

378 2538 448 2605 Aut
462 2560 609 2620 cervam,
627 2549 686 2605 aut
704 2534 854 2604 nondum
871 2533 1049 2605 bellantem
1062 2536 1172 2605 fronte
1187 2537 1375 2629 juvencum,

347 2729 352 2744 ,
375 2659 407 2723 It
422 2655 555 2723 fremitu
571 2655 737 2749 gaudens,
758 2653 834 2724 linet
849 2680 958 2744 arma,
974 2680 1158 2750 gregesque
1171 2653 1331 2724 lacessant

378 2777 590 2862 Venantum3
608 2774 755 2869 praedam
772 2773 882 2862 videt,
897 2790 930 2844 et
944 2800 1004 2846 sua
1023 2773 1159 2845 vulnera
1179 2776 1292 2844 nescit.

425 2895 478 2962 Sic
492 2910 571 2988 tunc
585 2919 763 2988 congressu
782 2898 956 2989 Capaneus
973 2897 1103 2989 gavisus
1121 2895 1239 2988 iniquo

251 3085 253 3090 ,
377 3013 537 3082 Librabat
552 3039 671 3108 magna
686 3027 859 3083 venturam
877 3012 964 3083 mole
982 3039 1184 3108 cupressum.

376 3139 462 3204 Ante
481 3149 608 3216 tamen,
624 3133 742 3222 «Quid
757 3133 906 3203 femineis
923 3132 1122 3222 ululatibus,
1139 3135 1264 3227 inquit,

377 3253 567 3342 Terrificas,
583 3256 759 3341 moriture,
777 3255 886 3323 viros?
902 3254 1027 3323 utinam
1045 3256 1115 3348 ipse
1130 3255 1273 3339 veniret,

377 3375 440 3441 Cui
456 3370 552 3443 furis!
570 3374 640 3443 haec
653 3374 763 3467 Tyriis
776 3398 858 3442 cane
869 3375 1030 3442 matribus
1045 3399 1052 3441 :
1067 3403 1084 3436 n
1100 3388 1133 3441 et
1153 3369 1251 3442 simul
1271 3372 1384 3440 hastam

379 3493 537 3587 Expulit:
555 3492 609 3563 illa
627 3491 759 3579 volans,
773 3518 834 3563 ceu
848 3495 897 3562 vis
914 3520 981 3563 non
1001 3493 1069 3563 ulla
1087 3507 1236 3562 moretur

381 3612 507 3697 Obvia,
522 3615 577 3682 vix
591 3615 703 3682 sonuit
716 3612 849 3710 clypeo,
871 3629 904 3683 et
918 3614 989 3709 jam
1008 3629 1100 3710 terga
1121 3609 1265 3707 reliquit.

370 3735 484 3848 ¹Arma
503 3733 632 3821 fluunt,
653 3731 826 3828 longisque
844 3749 960 3829 crepat
977 3732 1177 3830 singultibus
1195 3755 1328 3818 aurum,

381 3854 595 3946 Eruptusque
614 3854 705 3922 sinus
721 3855 799 3922 vicit
812 3879 922 3924 eruor.
941 3854 1076 3924 Occidis
1095 3853 1222 3938 audax,

381 3971 514 4039 Occidis
535 3974 635 4041 Aonii
653 3997 739 4067 puer
756 3972 860 4042 altera
877 4000 955 4043 cura
972 3975 1070 4069 Lyaei.
