<?xml version="1.0" encoding="UTF-8"?>
<!DOCTYPE html PUBLIC "-//W3C//DTD XHTML 1.0 Transitional//EN"
    "http://www.w3.org/TR/xhtml1/DTD/xhtml1-transitional.dtd">
<html xmlns="http://www.w3.org/1999/xhtml" xml:lang="en" lang="en">
 <head>
  <title>
</title>
<meta http-equiv="Content-Type" content="text/html;charset=utf-8" />
  <meta name='ocr-system' content='tesseract 3.04.00' />
  <meta name='ocr-capabilities' content='ocr_page ocr_carea ocr_par ocr_line ocrx_word'/>
</head>
<body>
  <div class='ocr_page' id='page_1' title='image "./operaquaeextant01dbgoog_0098.png"; bbox 0 0 2934 4950; ppageno 0'>
   <div class='ocr_carea' id='block_1_1' title="bbox 59 467 1094 538">
    <p class='ocr_par' dir='ltr' id='par_1_1' title="bbox 59 467 1094 538">
     <span class='ocr_line' id='line_1_1' title="bbox 59 467 1094 538; baseline -0.01 -4"><span class='ocrx_word' id='word_1_1' title='bbox 59 477 86 534; x_wconf 75' lang='lat' dir='ltr'><strong>s.</strong></span> <span class='ocrx_word' id='word_1_2' title='bbox 97 475 164 537; x_wconf 75' lang='lat' dir='ltr'><strong>uos</strong></span> <span class='ocrx_word' id='word_1_3' title='bbox 371 470 567 528; x_wconf 78' lang='lat' dir='ltr'><strong>snvsmm</strong></span> <span class='ocrx_word' id='word_1_4' title='bbox 586 469 697 527; x_wconf 80' lang='lat' dir='ltr'><strong>nnnn</strong></span> <span class='ocrx_word' id='word_1_5' title='bbox 717 472 768 527; x_wconf 85' lang='lat' dir='ltr'><strong>nr.</strong></span> <span class='ocrx_word' id='word_1_6' title='bbox 1056 467 1094 538; x_wconf 75' lang='lat'><strong>7³</strong></span> 
     </span>
    </p>
   </div>
   <div class='ocr_carea' id='block_1_2' title="bbox 56 593 962 819">
    <p class='ocr_par' dir='ltr' id='par_1_2' title="bbox 56 593 962 819">
     <span class='ocr_line' id='line_1_2' title="bbox 57 593 944 692; baseline -0.006 -25"><span class='ocrx_word' id='word_1_7' title='bbox 57 601 181 686; x_wconf 83' lang='lat' dir='ltr'><strong>Necte,</strong></span> <span class='ocrx_word' id='word_1_8' title='bbox 198 597 291 691; x_wconf 90' lang='lat' dir='ltr'><strong>quod</strong></span> <span class='ocrx_word' id='word_1_9' title='bbox 310 595 438 666; x_wconf 85' lang='lat' dir='ltr'><strong>solidus</strong></span> <span class='ocrx_word' id='word_1_10' title='bbox 456 610 574 666; x_wconf 86' lang='lat' dir='ltr'><strong>eontra</strong></span> <span class='ocrx_word' id='word_1_11' title='bbox 590 597 676 692; x_wconf 90' lang='lat' dir='ltr'><strong>riget</strong></span> <span class='ocrx_word' id='word_1_12' title='bbox 688 598 791 664; x_wconf 90' lang='lat' dir='ltr'><strong>umbo</strong></span> <span class='ocrx_word' id='word_1_13' title='bbox 806 593 944 688; x_wconf 88' lang='lat' dir='ltr'><strong>maligni</strong></span> 
     </span>
     <span class='ocr_line' id='line_1_3' title="bbox 56 693 962 819; baseline -0.003 -32"><span class='ocrx_word' id='word_1_14' title='bbox 56 721 193 806; x_wconf 82' lang='lat' dir='ltr'><strong>llontis,</strong></span> <span class='ocrx_word' id='word_1_15' title='bbox 211 733 246 786; x_wconf 90' lang='lat' dir='ltr'><strong>et</strong></span> <span class='ocrx_word' id='word_1_16' title='bbox 258 722 423 786; x_wconf 88' lang='lat' dir='ltr'><strong>immenso</strong></span> <span class='ocrx_word' id='word_1_17' title='bbox 443 741 676 819; x_wconf 79' lang='lat' dir='ltr'><strong>nonunquam</strong></span> <span class='ocrx_word' id='word_1_18' title='bbox 693 693 822 784; x_wconf 81' lang='lat' dir='ltr'><strong>excisus</strong></span> <span class='ocrx_word' id='word_1_19' title='bbox 837 715 879 783; x_wconf 88' lang='lat' dir='ltr'><strong>ab</strong></span> <span class='ocrx_word' id='word_1_20' title='bbox 892 739 962 784; x_wconf 81' lang='lat' dir='ltr'><strong>aevo</strong></span> 
     </span>
    </p>
   </div>
   <div class='ocr_carea' id='block_1_3' title="bbox 55 835 1065 4191">
    <p class='ocr_par' dir='ltr' id='par_1_3' title="bbox 55 835 1065 4191">
     <span class='ocr_line' id='line_1_4' title="bbox 55 835 926 933; baseline 0 -27"><span class='ocrx_word' id='word_1_21' title='bbox 55 842 206 924; x_wconf 72' lang='lat' dir='ltr'><strong>Terroe13</strong></span> <span class='ocrx_word' id='word_1_22' title='bbox 222 839 294 933; x_wconf 86' lang='lat' dir='ltr'><strong>ipse</strong></span> <span class='ocrx_word' id='word_1_23' title='bbox 305 837 423 922; x_wconf 89' lang='lat' dir='ltr'><strong>adero,</strong></span> <span class='ocrx_word' id='word_1_24' title='bbox 439 851 474 907; x_wconf 92' lang='lat' dir='ltr'><strong>et</strong></span> <span class='ocrx_word' id='word_1_25' title='bbox 487 838 663 907; x_wconf 79' lang='lat' dir='ltr'><strong>conamina</strong></span> <span class='ocrx_word' id='word_1_26' title='bbox 679 850 773 904; x_wconf 88' lang='lat' dir='ltr'><strong>tanta</strong></span> <span class='ocrx_word' id='word_1_27' title='bbox 787 835 926 929; x_wconf 83' lang='lat' dir='ltr'><strong>juvabo,</strong></span> 
     </span>
     <span class='ocr_line' id='line_1_5' title="bbox 57 957 859 1054; baseline -0.006 -26"><span class='ocrx_word' id='word_1_28' title='bbox 57 962 246 1052; x_wconf 73' lang='lat' dir='ltr'>Asperaque</span> <span class='ocrx_word' id='word_1_29' title='bbox 261 959 373 1029; x_wconf 84' lang='lat' dir='ltr'><strong>invitae</strong></span> <span class='ocrx_word' id='word_1_30' title='bbox 388 957 592 1054; x_wconf 82' lang='lat' dir='ltr'><strong>perfringam</strong></span> <span class='ocrx_word' id='word_1_31' title='bbox 604 957 733 1024; x_wconf 82' lang='lat' dir='ltr'><strong>viscera</strong></span> <span class='ocrx_word' id='word_1_32' title='bbox 752 970 859 1024; x_wconf 73' lang='lat' dir='ltr'><strong>terrm.</strong></span> 
     </span>
     <span class='ocr_line' id='line_1_6' title="bbox 55 1074 864 1173; baseline -0.001 -28"><span class='ocrx_word' id='word_1_33' title='bbox 55 1079 178 1172; x_wconf 80' lang='lat' dir='ltr'>Incipe,</span> <span class='ocrx_word' id='word_1_34' title='bbox 200 1092 235 1146; x_wconf 91' lang='lat' dir='ltr'><strong>et</strong></span> <span class='ocrx_word' id='word_1_35' title='bbox 253 1077 426 1173; x_wconf 78' lang='lat' dir='ltr'><strong>Herculeis</strong></span> <span class='ocrx_word' id='word_1_36' title='bbox 441 1078 544 1148; x_wconf 88' lang='lat' dir='ltr'><strong>fidens</strong></span> <span class='ocrx_word' id='word_1_37' title='bbox 560 1077 749 1147; x_wconf 86' lang='lat' dir='ltr'><strong>hortatibus</strong></span> <span class='ocrx_word' id='word_1_38' title='bbox 769 1074 864 1145; x_wconf 90' lang='lat' dir='ltr'><strong>aude.</strong></span> 
     </span>
     <span class='ocr_line' id='line_1_7' title="bbox 56 1196 820 1293; baseline 0.001 -28"><span class='ocrx_word' id='word_1_39' title='bbox 56 1200 126 1266; x_wconf 83' lang='lat' dir='ltr'><strong>Non</strong></span> <span class='ocrx_word' id='word_1_40' title='bbox 142 1199 359 1293; x_wconf 63' lang='lat' dir='ltr'><strong>nphioniae</strong></span> <span class='ocrx_word' id='word_1_41' title='bbox 378 1201 532 1269; x_wconf 81' lang='lat' dir='ltr'><strong>steterint</strong></span> <span class='ocrx_word' id='word_1_42' title='bbox 548 1196 697 1268; x_wconf 80' lang='lat' dir='ltr'><strong>velocius</strong></span> <span class='ocrx_word' id='word_1_43' title='bbox 712 1221 820 1285; x_wconf 85' lang='lat' dir='ltr'><strong>arces,</strong></span> 
     </span>
     <span class='ocr_line' id='line_1_8' title="bbox 55 1313 969 1414; baseline -0.002 -28"><span class='ocrx_word' id='word_1_44' title='bbox 55 1321 294 1414; x_wconf 77' lang='lat' dir='ltr'><strong>Pergameusve</strong></span> <span class='ocrx_word' id='word_1_45' title='bbox 312 1318 447 1390; x_wconf 78' lang='lat' dir='ltr'><strong>labor.»</strong></span> <span class='ocrx_word' id='word_1_46' title='bbox 464 1319 572 1407; x_wconf 77' lang='lat' dir='ltr'><strong>Dixit,</strong></span> <span class='ocrx_word' id='word_1_47' title='bbox 589 1332 804 1412; x_wconf 84' lang='lat' dir='ltr'><strong>mentemque</strong></span> <span class='ocrx_word' id='word_1_48' title='bbox 823 1313 969 1411; x_wconf 91' lang='lat' dir='ltr'><strong>reliquit.</strong></span> 
     </span>
     <span class='ocr_line' id='line_1_9' title="bbox 98 1434 1047 1533; baseline -0.003 -25"><span class='ocrx_word' id='word_1_49' title='bbox 98 1441 173 1510; x_wconf 85' lang='lat' dir='ltr'><strong>Nee</strong></span> <span class='ocrx_word' id='word_1_50' title='bbox 192 1465 305 1527; x_wconf 87' lang='lat' dir='ltr'><strong>mora;</strong></span> <span class='ocrx_word' id='word_1_51' title='bbox 321 1439 510 1533; x_wconf 87' lang='lat' dir='ltr'><strong>conscripta</strong></span> <span class='ocrx_word' id='word_1_52' title='bbox 525 1439 714 1509; x_wconf 83' lang='lat' dir='ltr'><strong>formantur</strong></span> <span class='ocrx_word' id='word_1_53' title='bbox 728 1439 874 1532; x_wconf 75' lang='lat' dir='ltr'><strong>imagine</strong></span> <span class='ocrx_word' id='word_1_54' title='bbox 889 1434 1013 1531; x_wconf 78' lang='lat' dir='ltr'><strong>templs</strong></span> <span class='ocrx_word' id='word_1_55' title='bbox 1025 1461 1047 1530; x_wconf 84' lang='lat'><strong>:¹</strong></span> 
     </span>
     <span class='ocr_line' id='line_1_10' title="bbox 56 1557 879 1644; baseline -0.002 -16"><span class='ocrx_word' id='word_1_56' title='bbox 56 1563 242 1628; x_wconf 69' lang='lat' dir='ltr'><strong>Innumerae</strong></span> <span class='ocrx_word' id='word_1_57' title='bbox 257 1560 368 1630; x_wconf 82' lang='lat' dir='ltr'><strong>coiere</strong></span> <span class='ocrx_word' id='word_1_58' title='bbox 385 1583 505 1632; x_wconf 83' lang='lat' dir='ltr'><strong>monus</strong></span> <span class='ocrx_word' id='word_1_59' title='bbox 523 1585 532 1629; x_wconf 77' lang='grc' dir='ltr'><strong><em>ε</em></strong></span> <span class='ocrx_word' id='word_1_60' title='bbox 548 1558 602 1628; x_wconf 88' lang='lat' dir='ltr'><strong>his</strong></span> <span class='ocrx_word' id='word_1_61' title='bbox 617 1559 743 1630; x_wconf 78' lang='lat' dir='ltr'><strong>cedere</strong></span> <span class='ocrx_word' id='word_1_62' title='bbox 762 1557 879 1644; x_wconf 86' lang='lat' dir='ltr'><strong>silvas,</strong></span> 
     </span>
     <span class='ocr_line' id='line_1_11' title="bbox 57 1678 769 1776; baseline 0.003 -27"><span class='ocrx_word' id='word_1_63' title='bbox 57 1685 93 1749; x_wconf 86' lang='lat' dir='ltr'><strong>Et</strong></span> <span class='ocrx_word' id='word_1_64' title='bbox 106 1681 219 1751; x_wconf 85' lang='lat' dir='ltr'><strong>levare</strong></span> <span class='ocrx_word' id='word_1_65' title='bbox 235 1681 346 1752; x_wconf 86' lang='lat' dir='ltr'><strong>trabes</strong></span> <span class='ocrx_word' id='word_1_66' title='bbox 362 1678 451 1751; x_wconf 86' lang='lat' dir='ltr'><strong>:illis</strong></span> <span class='ocrx_word' id='word_1_67' title='bbox 468 1683 664 1776; x_wconf 82' lang='lat' dir='ltr'><strong>immergere</strong></span> <span class='ocrx_word' id='word_1_68' title='bbox 680 1706 769 1767; x_wconf 69' lang='lat' dir='ltr'><strong>curse</strong></span> 
     </span>
     <span class='ocr_line' id='line_1_12' title="bbox 57 1790 889 1895; baseline -0.004 -24"><span class='ocrx_word' id='word_1_69' title='bbox 57 1802 284 1871; x_wconf 83' lang='lat' dir='ltr'><strong>Fundamenta</strong></span> <span class='ocrx_word' id='word_1_70' title='bbox 299 1790 381 1872; x_wconf 90' lang='lat' dir='ltr'><strong>solo.</strong></span> <span class='ocrx_word' id='word_1_71' title='bbox 401 1802 567 1895; x_wconf 88' lang='lat' dir='ltr'><strong>Coquitur</strong></span> <span class='ocrx_word' id='word_1_72' title='bbox 582 1825 660 1895; x_wconf 86' lang='lat' dir='ltr'><strong>pars</strong></span> <span class='ocrx_word' id='word_1_73' title='bbox 675 1799 777 1870; x_wconf 79' lang='lat' dir='ltr'><strong>uvida</strong></span> <span class='ocrx_word' id='word_1_74' title='bbox 792 1814 889 1869; x_wconf 79' lang='lat' dir='ltr'><strong>terrae</strong></span> 
     </span>
     <span class='ocr_line' id='line_1_13' title="bbox 58 1919 891 2016; baseline -0.004 -24"><span class='ocrx_word' id='word_1_75' title='bbox 58 1927 248 1992; x_wconf 87' lang='lat' dir='ltr'><strong>Protectura</strong></span> <span class='ocrx_word' id='word_1_76' title='bbox 263 1922 405 2010; x_wconf 81' lang='lat' dir='ltr'><strong>hiemes,</strong></span> <span class='ocrx_word' id='word_1_77' title='bbox 420 1935 520 2015; x_wconf 89' lang='lat' dir='ltr'><strong>atque</strong></span> <span class='ocrx_word' id='word_1_78' title='bbox 539 1919 712 1990; x_wconf 77' lang='lat' dir='ltr'><strong>exclusura</strong></span> <span class='ocrx_word' id='word_1_79' title='bbox 731 1921 891 2016; x_wconf 89' lang='lat' dir='ltr'><strong>pruinas;</strong></span> 
     </span>
     <span class='ocr_line' id='line_1_14' title="bbox 60 2038 852 2136; baseline -0.001 -25"><span class='ocrx_word' id='word_1_80' title='bbox 60 2043 308 2136; x_wconf 79' lang='lat' dir='ltr'><strong>Indomitasque</strong></span> <span class='ocrx_word' id='word_1_81' title='bbox 323 2038 406 2110; x_wconf 79' lang='lat' dir='ltr'><strong>silea</strong></span> <span class='ocrx_word' id='word_1_82' title='bbox 420 2065 522 2111; x_wconf 86' lang='lat' dir='ltr'><strong>curva</strong></span> <span class='ocrx_word' id='word_1_83' title='bbox 538 2040 674 2111; x_wconf 85' lang='lat' dir='ltr'><strong>fornace</strong></span> <span class='ocrx_word' id='word_1_84' title='bbox 688 2038 852 2134; x_wconf 86' lang='lat' dir='ltr'><strong>liquescit.</strong></span> 
     </span>
     <span class='ocr_line' id='line_1_15' title="bbox 60 2149 945 2257; baseline -0.002 -25"><span class='ocrx_word' id='word_1_85' title='bbox 60 2164 244 2257; x_wconf 67' lang='lat' dir='ltr'><strong>Praecipuus</strong></span> <span class='ocrx_word' id='word_1_86' title='bbox 261 2161 321 2232; x_wconf 85' lang='lat' dir='ltr'><strong>sed</strong></span> <span class='ocrx_word' id='word_1_87' title='bbox 338 2162 428 2232; x_wconf 89' lang='lat' dir='ltr'><strong>enim</strong></span> <span class='ocrx_word' id='word_1_88' title='bbox 444 2149 540 2232; x_wconf 91' lang='lat' dir='ltr'><strong>labor</strong></span> <span class='ocrx_word' id='word_1_89' title='bbox 555 2175 605 2230; x_wconf 90' lang='lat' dir='ltr'><strong>est</strong></span> <span class='ocrx_word' id='word_1_90' title='bbox 619 2159 812 2231; x_wconf 81' lang='lat' dir='ltr'><strong>exscindere</strong></span> <span class='ocrx_word' id='word_1_91' title='bbox 828 2159 945 2230; x_wconf 88' lang='lat' dir='ltr'><strong>dextra</strong></span> 
     </span>
     <span class='ocr_line' id='line_1_16' title="bbox 62 2275 797 2378; baseline -0.001 -27"><span class='ocrx_word' id='word_1_92' title='bbox 62 2285 237 2378; x_wconf 71' lang='lat' dir='ltr'><strong>Oppositas</strong></span> <span class='ocrx_word' id='word_1_93' title='bbox 250 2305 368 2376; x_wconf 87' lang='lat' dir='ltr'><strong>rupes,</strong></span> <span class='ocrx_word' id='word_1_94' title='bbox 385 2296 419 2351; x_wconf 88' lang='lat' dir='ltr'><strong>et</strong></span> <span class='ocrx_word' id='word_1_95' title='bbox 433 2306 512 2351; x_wconf 84' lang='lat' dir='ltr'><strong>saxa</strong></span> <span class='ocrx_word' id='word_1_96' title='bbox 527 2275 683 2376; x_wconf 78' lang='lat' dir='ltr'><strong>negantia</strong></span> <span class='ocrx_word' id='word_1_97' title='bbox 699 2281 797 2358; x_wconf 85' lang='lat' dir='ltr'><strong>ferro.</strong></span> 
     </span>
     <span class='ocr_line' id='line_1_17' title="bbox 62 2399 874 2500; baseline 0 -28"><span class='ocrx_word' id='word_1_98' title='bbox 62 2404 118 2472; x_wconf 85' lang='lat' dir='ltr'><strong>Hic</strong></span> <span class='ocrx_word' id='word_1_99' title='bbox 129 2399 229 2500; x_wconf 83' lang='lat' dir='ltr'><strong>pater</strong></span> <span class='ocrx_word' id='word_1_100' title='bbox 242 2405 314 2498; x_wconf 87' lang='lat' dir='ltr'><strong>ipse</strong></span> <span class='ocrx_word' id='word_1_101' title='bbox 330 2400 412 2490; x_wconf 90' lang='lat' dir='ltr'><strong>loei,</strong></span> <span class='ocrx_word' id='word_1_102' title='bbox 428 2402 545 2498; x_wconf 89' lang='lat' dir='ltr'><strong>positis</strong></span> <span class='ocrx_word' id='word_1_103' title='bbox 563 2403 757 2498; x_wconf 82' lang='lat' dir='ltr'><strong>Tirynthius</strong></span> <span class='ocrx_word' id='word_1_104' title='bbox 774 2403 874 2472; x_wconf 82' lang='lat' dir='ltr'><strong>armis</strong></span> 
     </span>
     <span class='ocr_line' id='line_1_18' title="bbox 63 2522 866 2619; baseline 0 -27"><span class='ocrx_word' id='word_1_105' title='bbox 63 2524 206 2612; x_wconf 82' lang='lat' dir='ltr'><strong>lusudat,</strong></span> <span class='ocrx_word' id='word_1_106' title='bbox 222 2524 405 2619; x_wconf 87' lang='lat' dir='ltr'><strong>validaque.</strong></span> <span class='ocrx_word' id='word_1_107' title='bbox 417 2522 525 2594; x_wconf 90' lang='lat' dir='ltr'><strong>solum</strong></span> <span class='ocrx_word' id='word_1_108' title='bbox 541 2523 689 2593; x_wconf 83' lang='lat' dir='ltr'><strong>deforme</strong></span> <span class='ocrx_word' id='word_1_109' title='bbox 708 2523 866 2617; x_wconf 88' lang='lat' dir='ltr'><strong>bipenni,</strong></span> 
     </span>
     <span class='ocr_line' id='line_1_19' title="bbox 63 2642 949 2739; baseline -0.002 -26"><span class='ocrx_word' id='word_1_110' title='bbox 63 2646 172 2732; x_wconf 86' lang='lat' dir='ltr'><strong>Quum</strong></span> <span class='ocrx_word' id='word_1_111' title='bbox 182 2669 284 2739; x_wconf 84' lang='lat' dir='ltr'><strong>grave</strong></span> <span class='ocrx_word' id='word_1_112' title='bbox 298 2659 462 2714; x_wconf 85' lang='lat' dir='ltr'><strong>nocturna</strong></span> <span class='ocrx_word' id='word_1_113' title='bbox 476 2642 598 2713; x_wconf 75' lang='lat' dir='ltr'><strong>coslum</strong></span> <span class='ocrx_word' id='word_1_114' title='bbox 614 2644 801 2713; x_wconf 79' lang='lat' dir='ltr'><strong>subtexitur</strong></span> <span class='ocrx_word' id='word_1_115' title='bbox 814 2644 949 2729; x_wconf 85' lang='lat' dir='ltr'><strong>umbra,</strong></span> 
     </span>
     <span class='ocr_line' id='line_1_20' title="bbox 63 2761 917 2859; baseline 0.002 -28"><span class='ocrx_word' id='word_1_116' title='bbox 63 2766 131 2857; x_wconf 85' lang='lat' dir='ltr'><strong>lpse</strong></span> <span class='ocrx_word' id='word_1_117' title='bbox 152 2763 238 2833; x_wconf 84' lang='lat' dir='ltr'><strong>fodit</strong></span> <span class='ocrx_word' id='word_1_118' title='bbox 252 2790 261 2834; x_wconf 72' lang='grc' dir='ltr'><strong><em>ε</em></strong></span> <span class='ocrx_word' id='word_1_119' title='bbox 282 2763 368 2841; x_wconf 90' lang='lat' dir='ltr'><strong>dites</strong></span> <span class='ocrx_word' id='word_1_120' title='bbox 382 2766 535 2859; x_wconf 60' lang='lat' dir='ltr'><strong>Caprae,</strong></span> <span class='ocrx_word' id='word_1_121' title='bbox 552 2762 741 2857; x_wconf 84' lang='lat' dir='ltr'><strong>viridesque</strong></span> <span class='ocrx_word' id='word_1_122' title='bbox 753 2761 917 2833; x_wconf 88' lang='lat' dir='ltr'><strong>resultant</strong></span> 
     </span>
     <span class='ocr_line' id='line_1_21' title="bbox 63 2882 967 2980; baseline 0.001 -28"><span class='ocrx_word' id='word_1_123' title='bbox 63 2883 273 2971; x_wconf 80' lang='lat' dir='ltr'><strong>Taurubulae,</strong></span> <span class='ocrx_word' id='word_1_124' title='bbox 289 2899 324 2954; x_wconf 89' lang='lat' dir='ltr'><strong>et</strong></span> <span class='ocrx_word' id='word_1_125' title='bbox 341 2886 439 2955; x_wconf 87' lang='lat' dir='ltr'><strong>terris</strong></span> <span class='ocrx_word' id='word_1_126' title='bbox 455 2886 572 2980; x_wconf 92' lang='lat' dir='ltr'><strong>ingens</strong></span> <span class='ocrx_word' id='word_1_127' title='bbox 588 2884 675 2953; x_wconf 88' lang='lat' dir='ltr'><strong>redit</strong></span> <span class='ocrx_word' id='word_1_128' title='bbox 685 2884 828 2978; x_wconf 79' lang='lat' dir='ltr'><strong>aequoris</strong></span> <span class='ocrx_word' id='word_1_129' title='bbox 849 2882 943 2953; x_wconf 91' lang='lat' dir='ltr'><strong>echo.</strong></span> <span class='ocrx_word' id='word_1_130' title='bbox 963 2896 967 2904; x_wconf 90' lang='lat'>&#39;</span> 
     </span>
     <span class='ocr_line' id='line_1_22' title="bbox 105 3003 969 3101; baseline -0.002 -26"><span class='ocrx_word' id='word_1_131' title='bbox 105 3008 183 3075; x_wconf 83' lang='lat' dir='ltr'><strong>Non</strong></span> <span class='ocrx_word' id='word_1_132' title='bbox 205 3020 273 3075; x_wconf 91' lang='lat' dir='ltr'><strong>tam</strong></span> <span class='ocrx_word' id='word_1_133' title='bbox 286 3005 414 3101; x_wconf 81' lang='lat' dir='ltr'><strong>grande</strong></span> <span class='ocrx_word' id='word_1_134' title='bbox 430 3020 525 3075; x_wconf 85' lang='lat' dir='ltr'><strong>sonat</strong></span> <span class='ocrx_word' id='word_1_135' title='bbox 542 3006 640 3073; x_wconf 89' lang='lat' dir='ltr'><strong>motis</strong></span> <span class='ocrx_word' id='word_1_136' title='bbox 657 3003 833 3076; x_wconf 88' lang='lat' dir='ltr'><strong>incudibus</strong></span> <span class='ocrx_word' id='word_1_137' title='bbox 851 3007 969 3092; x_wconf 85' lang='lat' dir='ltr'><strong>AEtna,</strong></span> 
     </span>
     <span class='ocr_line' id='line_1_23' title="bbox 64 3125 1065 3221; baseline 0.002 -28"><span class='ocrx_word' id='word_1_138' title='bbox 64 3126 171 3212; x_wconf 86' lang='lat' dir='ltr'><strong>Quum</strong></span> <span class='ocrx_word' id='word_1_139' title='bbox 189 3129 330 3195; x_wconf 84' lang='lat' dir='ltr'><strong>Brontes</strong></span> <span class='ocrx_word' id='word_1_140' title='bbox 348 3128 569 3221; x_wconf 85' lang='lat' dir='ltr'><strong>Steropesque</strong></span> <span class='ocrx_word' id='word_1_141' title='bbox 584 3125 659 3195; x_wconf 82' lang='lat' dir='ltr'><strong>ferit</strong></span> <span class='ocrx_word' id='word_1_142' title='bbox 678 3152 686 3194; x_wconf 93' lang='lat'><strong>:</strong></span> <span class='ocrx_word' id='word_1_143' title='bbox 705 3150 767 3195; x_wconf 87' lang='lat' dir='ltr'><strong>nec</strong></span> <span class='ocrx_word' id='word_1_144' title='bbox 784 3128 890 3221; x_wconf 86' lang='lat' dir='ltr'><strong>major</strong></span> <span class='ocrx_word' id='word_1_145' title='bbox 905 3126 947 3194; x_wconf 87' lang='lat' dir='ltr'><strong>ab</strong></span> <span class='ocrx_word' id='word_1_146' title='bbox 963 3126 1065 3195; x_wconf 90' lang='lat' dir='ltr'><strong>antris</strong></span> 
     </span>
     <span class='ocr_line' id='line_1_24' title="bbox 64 3244 944 3343; baseline 0.002 -30"><span class='ocrx_word' id='word_1_147' title='bbox 64 3248 244 3316; x_wconf 79' lang='lat' dir='ltr'><strong>lemniacis</strong></span> <span class='ocrx_word' id='word_1_148' title='bbox 258 3245 372 3341; x_wconf 82' lang='lat' dir='ltr'><strong>fragor</strong></span> <span class='ocrx_word' id='word_1_149' title='bbox 386 3260 451 3333; x_wconf 89' lang='lat' dir='ltr'><strong>est,</strong></span> <span class='ocrx_word' id='word_1_150' title='bbox 467 3246 526 3315; x_wconf 90' lang='lat' dir='ltr'><strong>uhi</strong></span> <span class='ocrx_word' id='word_1_151' title='bbox 545 3246 717 3316; x_wconf 85' lang='lat' dir='ltr'><strong>flammeus</strong></span> <span class='ocrx_word' id='word_1_152' title='bbox 731 3245 836 3343; x_wconf 86' lang='lat' dir='ltr'><strong>aegida</strong></span> <span class='ocrx_word' id='word_1_153' title='bbox 851 3244 944 3317; x_wconf 81' lang='lat' dir='ltr'><strong>caelat</strong></span> 
     </span>
     <span class='ocr_line' id='line_1_25' title="bbox 66 3364 838 3455; baseline 0.004 -21"><span class='ocrx_word' id='word_1_154' title='bbox 66 3365 239 3455; x_wconf 83' lang='lat' dir='ltr'><strong>Mulciber,</strong></span> <span class='ocrx_word' id='word_1_155' title='bbox 255 3380 290 3435; x_wconf 92' lang='lat' dir='ltr'><strong>et</strong></span> <span class='ocrx_word' id='word_1_156' title='bbox 309 3366 409 3437; x_wconf 85' lang='lat' dir='ltr'><strong>castis</strong></span> <span class='ocrx_word' id='word_1_157' title='bbox 423 3382 563 3437; x_wconf 86' lang='lat' dir='ltr'><strong>exornat</strong></span> <span class='ocrx_word' id='word_1_158' title='bbox 578 3364 715 3437; x_wconf 87' lang='lat' dir='ltr'><strong>Pallada</strong></span> <span class='ocrx_word' id='word_1_159' title='bbox 731 3365 838 3437; x_wconf 86' lang='lat' dir='ltr'><strong>donis.</strong></span> 
     </span>
     <span class='ocr_line' id='line_1_26' title="bbox 106 3484 950 3582; baseline -0.002 -24"><span class='ocrx_word' id='word_1_160' title='bbox 106 3490 313 3560; x_wconf 79' lang='lat' dir='ltr'><strong>Decrescuut</strong></span> <span class='ocrx_word' id='word_1_161' title='bbox 331 3484 475 3582; x_wconf 90' lang='lat' dir='ltr'><strong>scopuli,</strong></span> <span class='ocrx_word' id='word_1_162' title='bbox 492 3502 526 3558; x_wconf 90' lang='lat' dir='ltr'><strong>et</strong></span> <span class='ocrx_word' id='word_1_163' title='bbox 546 3512 640 3557; x_wconf 86' lang='lat' dir='ltr'><strong>rosea</strong></span> <span class='ocrx_word' id='word_1_164' title='bbox 658 3488 720 3557; x_wconf 91' lang='lat' dir='ltr'><strong>sub</strong></span> <span class='ocrx_word' id='word_1_165' title='bbox 737 3486 811 3558; x_wconf 90' lang='lat' dir='ltr'><strong>luce</strong></span> <span class='ocrx_word' id='word_1_166' title='bbox 828 3490 950 3557; x_wconf 86' lang='lat' dir='ltr'><strong>reversi</strong></span> 
     </span>
     <span class='ocr_line' id='line_1_27' title="bbox 67 3607 875 3704; baseline 0 -27"><span class='ocrx_word' id='word_1_167' title='bbox 67 3608 209 3701; x_wconf 64' lang='lat' dir='ltr'><strong>Artifices</strong></span> <span class='ocrx_word' id='word_1_168' title='bbox 228 3609 396 3678; x_wconf 90' lang='lat' dir='ltr'><strong>mirantur</strong></span> <span class='ocrx_word' id='word_1_169' title='bbox 410 3634 519 3704; x_wconf 89' lang='lat' dir='ltr'><strong>opus:</strong></span> <span class='ocrx_word' id='word_1_170' title='bbox 540 3610 596 3678; x_wconf 83' lang='lat' dir='ltr'><strong>vix</strong></span> <span class='ocrx_word' id='word_1_171' title='bbox 614 3632 721 3678; x_wconf 91' lang='lat' dir='ltr'><strong>annus</strong></span> <span class='ocrx_word' id='word_1_172' title='bbox 738 3607 875 3677; x_wconf 84' lang='lat' dir='ltr'><strong>anhelat</strong></span> 
     </span>
     <span class='ocr_line' id='line_1_28' title="bbox 67 3726 777 3825; baseline 0.004 -28"><span class='ocrx_word' id='word_1_173' title='bbox 67 3726 168 3813; x_wconf 76' lang='lat' dir='ltr'><strong>aner,</strong></span> <span class='ocrx_word' id='word_1_174' title='bbox 182 3743 216 3797; x_wconf 91' lang='lat' dir='ltr'><strong>et</strong></span> <span class='ocrx_word' id='word_1_175' title='bbox 233 3730 360 3824; x_wconf 87' lang='lat' dir='ltr'><strong>ingenti</strong></span> <span class='ocrx_word' id='word_1_176' title='bbox 378 3728 470 3801; x_wconf 86' lang='lat' dir='ltr'><strong>dives</strong></span> <span class='ocrx_word' id='word_1_177' title='bbox 484 3730 680 3825; x_wconf 85' lang='lat' dir='ltr'><strong>Tirynthius</strong></span> <span class='ocrx_word' id='word_1_178' title='bbox 699 3755 777 3800; x_wconf 88' lang='lat' dir='ltr'><strong>arce</strong></span> 
     </span>
     <span class='ocr_line' id='line_1_29' title="bbox 65 3846 856 3945; baseline 0.006 -29"><span class='ocrx_word' id='word_1_179' title='bbox 65 3846 236 3942; x_wconf 82' lang='lat' dir='ltr'><strong>Despectat</strong></span> <span class='ocrx_word' id='word_1_180' title='bbox 252 3848 391 3936; x_wconf 82' lang='lat' dir='ltr'><strong>fluetus,</strong></span> <span class='ocrx_word' id='word_1_181' title='bbox 408 3865 442 3919; x_wconf 88' lang='lat' dir='ltr'><strong>et</strong></span> <span class='ocrx_word' id='word_1_182' title='bbox 457 3852 581 3945; x_wconf 73' lang='lat' dir='ltr'><strong>juncte</strong></span> <span class='ocrx_word' id='word_1_183' title='bbox 600 3862 692 3921; x_wconf 78' lang='lat' dir='ltr'><strong>teota&#39;</strong></span> <span class='ocrx_word' id='word_1_184' title='bbox 704 3876 856 3921; x_wconf 85' lang='lat' dir='ltr'><strong>novercae</strong></span> 
     </span>
     <span class='ocr_line' id='line_1_30' title="bbox 66 3964 870 4069; baseline 0.007 -34"><span class='ocrx_word' id='word_1_185' title='bbox 66 3970 239 4056; x_wconf 84' lang='lat' dir='ltr'><strong>vaoeat,</strong></span> <span class='ocrx_word' id='word_1_186' title='bbox 254 3987 288 4041; x_wconf 92' lang='lat' dir='ltr'><strong>et</strong></span> <span class='ocrx_word' id='word_1_187' title='bbox 305 3972 416 4069; x_wconf 88' lang='lat' dir='ltr'><strong>dignis</strong></span> <span class='ocrx_word' id='word_1_188' title='bbox 435 3964 554 4043; x_wconf 84' lang='lat' dir='ltr'><strong>invitat</strong></span> <span class='ocrx_word' id='word_1_189' title='bbox 574 3971 709 4042; x_wconf 88' lang='lat' dir='ltr'><strong>Pallada</strong></span> <span class='ocrx_word' id='word_1_190' title='bbox 729 3972 870 4067; x_wconf 91' lang='lat' dir='ltr'><strong>templis.</strong></span> 
     </span>
     <span class='ocr_line' id='line_1_31' title="bbox 107 4092 1054 4191; baseline 0.005 -33"><span class='ocrx_word' id='word_1_191' title='bbox 107 4093 178 4159; x_wconf 83' lang='lat' dir='ltr'><strong>Jam</strong></span> <span class='ocrx_word' id='word_1_192' title='bbox 198 4092 333 4187; x_wconf 70' lang='lat' dir='ltr'><strong>placide</strong></span> <span class='ocrx_word' id='word_1_193' title='bbox 354 4094 437 4164; x_wconf 89' lang='lat' dir='ltr'><strong>dant</strong></span> <span class='ocrx_word' id='word_1_194' title='bbox 456 4098 549 4191; x_wconf 85' lang='lat' dir='ltr'><strong>signa</strong></span> <span class='ocrx_word' id='word_1_195' title='bbox 569 4096 671 4181; x_wconf 74' lang='lat' dir='ltr'><strong>tube-3</strong></span> <span class='ocrx_word' id='word_1_196' title='bbox 686 4096 757 4189; x_wconf 87' lang='lat' dir='ltr'><strong>jam</strong></span> <span class='ocrx_word' id='word_1_197' title='bbox 774 4095 915 4164; x_wconf 81' lang='lat' dir='ltr'><strong>fortibus</strong></span> <span class='ocrx_word' id='word_1_198' title='bbox 934 4096 1054 4164; x_wconf 83' lang='lat' dir='ltr'><strong>ardens</strong></span> 
     </span>
    </p>
   </div>
   <div class='ocr_carea' id='block_1_4' title="bbox 0 0 1488 4950">
    <p class='ocr_par' dir='ltr' id='par_1_4' title="bbox 0 0 1488 4950">
     <span class='ocr_line' id='line_1_32' title="bbox 0 0 1488 4950; baseline 0 0"><span class='ocrx_word' id='word_1_199' title='bbox 0 0 1488 4950; x_wconf 95' lang='lat' dir='ltr'><strong> </strong></span> 
     </span>
    </p>
   </div>
  </div>
 </body>
</html>
