2934 4950
350 434 408 490 ard
663 431 876 488 THEBleOS
897 431 1010 488 LIBER
1032 430 1069 485 11.
1284 427 1316 488 (1.ι
1325 426 1384 488 ottt

351 557 431 628 Tela
447 559 583 650 cadant,
601 557 752 662 nullique
774 572 869 628 tuum
887 554 1091 651 penetrabile
1109 554 1197 625 ferro

349 685 484 773 Pectus,
504 698 538 752 et
555 685 686 778 optanti
704 683 813 751 victor
831 681 997 749 reveharis
1013 681 1132 760 amico.
1143 709 1160 744 s

398 804 554 892 Dixerat3
573 802 630 874 ille
651 803 735 874 nihil
753 801 885 872 vultum
902 814 1069 888 mutatus,
1085 803 1230 879 clnanes

347 917 482 1012 Perdis}
498 927 560 1014 ait,
580 925 759 1020 lacrymas,
779 939 812 994 et
830 939 883 1010 tu,
900 925 936 993 ni
957 922 1068 1012 fallor,
1086 923 1210 1016 iniquo

348 1045 520 1118 Pollicitus
535 1072 610 1117 mea
624 1045 711 1144 oolla
727 1047 804 1117 duci
825 1073 833 1115 :
851 1071 941 1117 nunc
959 1070 1065 1131 arma,
1088 1042 1245 1137 diemque

346 1169 478 1264 Projice
494 1196 502 1238 ε
519 1169 601 1264 quid
622 1171 770 1264 sequeris
787 1168 913 1238 timidae
930 1165 1127 1262 compendia
1142 1164 1237 1234 vitae?

348 1289 438 1359 bella
456 1293 615 1361 manent:
629 1320 646 1356 n
661 1289 761 1360 simul
780 1289 869 1380 hec,
891 1303 924 1357 et
942 1313 1089 1358 crassum
1109 1288 1272 1381 sanguine
1290 1285 1383 1356 telum

347 1414 421 1482 Jam
438 1411 540 1500 redit3
557 1409 613 1481 ille
632 1436 733 1508 super
752 1411 850 1482 dictis
869 1411 1017 1480 infensus
1033 1410 1153 1486 amaris
1186 1425 1189 1432 ’

348 1511 571 1628 Prosequitur
581 1535 687 1606 victos
703 1559 711 1602 :
726 1563 744 1600 α
754 1535 832 1605 Non
848 1533 920 1602 baec
934 1531 1116 1601 Trieterica
1133 1530 1227 1600 vobis

315 1646 318 1655 ’
347 1657 425 1726 Noa
444 1657 554 1750 patrio
572 1654 614 1725 de
632 1681 726 1726 more
746 1657 836 1724 venit
854 1681 867 1723 s
883 1679 951 1724 non
968 1647 1210 1749 Orgia.Cadmi

348 1760 518 1867 canities
532 1794 591 1847 aut
610 1776 724 1848 avidas
745 1777 912 1848 Bacchum
934 1773 1094 1874 scelerare
1113 1789 1278 1869 parentes.

347 1898 515 1969 Nebridas
534 1914 569 1968 et
585 1898 719 1994 fragiles
736 1899 868 1993 thyrsos
886 1914 1021 1994 portare
1040 1899 1180 1992 putastis

345 2019 521 2090 imbellem
539 2021 582 2091 ad
601 2022 764 2109 sonitum,
784 2022 998 2117 maribusque
1017 2020 1189 2119 incognita
1206 2018 1292 2088 veris

346 2140 448 2212 Foeda
462 2142 614 2212 Celenaea
628 2143 837 2212 committere
853 2140 971 2236 proelia
986 2138 1099 2210 buxo?
1118 2207 1121 2212 .

346 2264 409 2331 llic
427 2261 498 2332 aliae
516 2263 637 2351 caedes,
660 2262 743 2333 alius
764 2263 859 2334 furor
880 2289 888 2332 :
911 2264 956 2332 ite
974 2263 1035 2332 sub
1055 2261 1190 2330 umbras

346 2386 379 2453 Ο
397 2383 521 2475 timidi,
543 2382 749 2481 pauciqueln
766 2385 837 2454 haec
853 2387 984 2454 intonat
1001 2411 1009 2452 :
1029 2398 1082 2452 ast
1098 2398 1208 2452 tamen
1227 2380 1275 2450 illi

345 2508 501 2577 Membra
519 2511 661 2605 negant,
680 2507 854 2603 lassusque
874 2508 951 2577 ferit
970 2505 1153 2607 precordia
1172 2504 1315 2601 sanguis.

288 2652 291 2658 ·
312 2717 315 2722 Α
345 2632 417 2699 Jarn
436 2627 567 2699 sublata
583 2654 703 2700 manus
719 2630 996 2699 cassos‘defertur
1013 2632 1047 2698 in
1064 2630 1167 2717 ictus,

181 2760 185 2768 '
270 2810 273 2814 .
345 2748 548 2844 Tandatique
565 2749 689 2846 gradus
708 2779 716 2820 :
735 2749 890 2846 clypeum
911 2774 972 2819 nec
989 2752 1130 2850 sustinet
1148 2748 1251 2819 umbo

345 2873 518 2941 Mutatum
538 2870 653 2967 spoliis
671 2899 680 2941 ε
703 2870 833 2967 gelidus
851 2872 941 2943 cadit
959 2872 1065 2943 imber
1082 2870 1203 2971 anhelo

345 2996 485 3064 Pectore
502 3019 510 3062 z
527 3008 600 3063 tum
616 2996 741 3082 crines,
760 2994 980 3088 ardentiaque
998 3018 1058 3063 ora
1072 2992 1220 3063 cruentis

346 3115 507 3205 noiibus,
521 3130 555 3186 et
571 3130 658 3184 tetra
670 3116 873 3209 morientum
889 3115 1087 3210 adspergine
1104 3129 1253 3183 rnanant.

346 3239 396 3307 Ut
409 3236 476 3323 leo,
493 3239 552 3331 qui
567 3240 693 3332 campis
708 3236 965 3334 longecustode
982 3237 1099 3333 fugato

346 3356 508 3453 Massylas
524 3358 682 3455 depastus
697 3384 792 3448 oves,
815 3361 873 3429 ubi
891 3362 1052 3456 sanguine
1069 3358 1187 3429 multo

348 3481 532 3550 Luxuriata
547 3480 667 3571 fames,
683 3485 876 3579 cervixque,
892 3500 927 3554 et
942 3486 1018 3555 tabe
1036 3498 1181 3579 gravata}

347 3596 539 3671 Consedere
554 3604 659 3698 jubae,
678 3605 796 3675 mediis
815 3608 851 3675 in
873 3607 1018 3677 cedibus
1035 3606 1145 3676 adstat
1169 3610 1172 3617 “

349 3725 464 3819 iligen,
480 3725 593 3815 hians,
609 3708 785 3822 victusque
804 3728 886 3799 cibis
906 3756 914 3798 ε
934 3755 996 3799 nec
1008 3731 1080 3825 ¹jain
1102 3729 1247 3825 amplius
1262 3729 1317 3795 irae

350 3844 561 3917 Crudcscunt
578 3874 585 3916 :
603 3864 734 3919 tantum
743 3848 864 3920 'vacuis
874 3850 954 3922 ferit
968 3877 1044 3922 aera
1058 3848 1170 3934 malis,

350 3964 533 4061 Molliaque
554 3969 661 4062 ejecta
680 3968 843 4041 delambit
859 3971 982 4061 vellera
1001 3972 1126 4070 lingua.

399 4087 459 4158 llle
477 4091 576 4160 etiam
594 4092 724 4162 Thebas
745 4092 876 4187 spoliis,
897 4110 929 4164 et
950 4099 1111 4191 sanguine
1131 4096 1251 4191 plenus
