2934 4950
392 386 430 463 96
705 382 920 439 THEBAIDOS
939 380 1050 437 LIBER
1071 382 1137 435 vll.
1322 380 1418 443 (udi.)

392 515 555 597 Aoniam,
574 508 819 601 Euboeamque,
837 521 871 576 et
881 505 1051 592 Phocidos
1068 530 1149 574 arva
1168 506 1361 599 propinque
1438 577 1442 588 ⁴

393 634 486 701 Mars
504 606 579 699 :ita
595 625 691 697 dulce
707 628 793 696 Jovi.
814 632 932 721 longo
949 625 1034 720 fugit
1050 625 1169 695 ordine
1184 623 1280 694 velox

396 756 552 837 Tessera;
569 746 764 845 propellunt
779 749 880 837 acies,
898 773 1034 841 seseque
1049 747 1112 817 sub
1128 747 1229 816 armis
1295 804 1298 809 .
1354 802 1358 809 .

396 877 593 958 Ostentant,
612 870 757 939 subeunt
772 894 911 963 campo,
930 870 988 962 qui
1006 868 1178 962 proximus
1195 866 1270 935 urbi

396 998 581 1063 Damnatus
594 990 694 1059 -beliis
712 1004 819 1084 patet,
835 1004 1068 1083 exspectatque
1089 988 1229 1059 furores.

445 1111 606 1182 Nondum
626 1112 730 1179 hostis
751 1112 855 1198 circa;
873 1109 1003 1204 trepido
1023 1124 1133 1179 tamen
1150 1111 1284 1204 agmine
1302 1124 1407 1177 matres

396 1232 635 1304 Couscendunt
653 1258 781 1321 muros,
799 1230 876 1299 iude
892 1255 985 1299 arma
1002 1232 1142 1299 nitentia
1161 1231 1248 1299 natis

395 1358 439 1423 Et
456 1352 681 1423 formidandos
700 1366 889 1421 monstrant·
902 1352 964 1420 suh
988 1350 1114 1419 casside
1131 1366 1262 1446 patres..

448 1478 554 1543 Turre
571 1471 688 1568 procul
705 1470 776 1541 sola
793 1471 943 1540 nondum
962 1496 1118 1540 concessa
1135 1472 1240 1541 videri

398 1595 566 1689 Antigone
585 1591 738 1687 populis,
758 1607 886 1660 teneras
906 1591 1096 1661 defenditur
1113 1607 1187 1663 atra

396 1719 496 1786 Veste
514 1738 629 1809 genas;
644 1714 806 1807 juxtaque
823 1738 949 1799 comes,
965 1738 1033 1806 quo
1050 1715 1152 1783 Laius
1170 1714 1241 1782 ibat

397 1837 589 1929 Armigero,
609 1848 687 1902 tunc
705 1835 799 1929 virgo
818 1845 929 1903 senem
946 1835 1061 1928 regina
1077 1849 1223 1903 veretur.

400 1959 483 2046 Quae
500 1956 546 2025 sie
561 1979 637 2024 orsa
653 1956 746 2049 prior
763 1980 771 2021 :
787 1983 805 2019 a
815 1957 941 2050 Spesne
961 1956 1131 2023 obstatura
1145 1952 1294 2049 Pelasgis

398 2082 477 2147 Haec
498 2073 630 2161 vexilla,
648 2073 763 2169 pater?
783 2073 915 2170 Pelopis
934 2073 1132 2145 descendere
1151 2089 1238 2143 totas

397 2196 559 2268 Audimus
572 2210 688 2291 gentes
703 2222 711 2263 :
727 2196 800 2284 dic,
821 2221 842 2264 o
862 2221 991 2290 precor,
1008 2211 1120 2265 extera
1139 2221 1256 2290 regum
1307 2257 1311 2261 a

397 2321 540 2414 Agmina
554 2344 562 2387 ε
578 2342 656 2386 nam
671 2317 787 2408 video,
805 2343 878 2412 quae
895 2333 1007 2387 noster
1022 2319 1118 2413 signa
1133 2319 1339 2403 Menoeceus,

397 2442 480 2530 Quae
497 2453 610 2509 noster
628 2454 722 2535 gerat
737 2464 831 2509 arma
846 2442 978 2529 Creon,
997 2463 1099 2534 quam
1115 2435 1221 2510 celsus
1234 2438 1340 2508 ahena

398 2561 545 2655 Sphinge
559 2585 618 2655 per
635 2562 785 2654 ingentes
799 2559 1016 2630 Homoloidas
1034 2576 1130 2629 exeat
1143 2565 1322 2629 Haemon.»

446 2684 500 2752 Sic
516 2682 609 2751 rudis
626 2683 813 2777 Antigone:
829 2684 940 2751 senior
960 2684 1013 2751 cui
1024 2681 1110 2751 talia
1126 2681 1301 2751 Phorbas:

398 2801 520 2873 «Mille
539 2802 738 2898 sagittiferos
757 2801 873 2898 gelidae
889 2803 931 2870 de
946 2800 1031 2872 coiie
1045 2806 1207 2898 Tanagra

398 2927 575 2994 Promovet
592 2947 667 2992 ecce
681 2926 791 3017 Dryas
808 2949 817 2992 ε
837 2924 912 3012 hic,
931 2925 986 2993 cui
1006 2925 1101 2992 nivea
1119 2948 1212 2993 arma
1232 2923 1396 2992 tridentem

399 3046 509 3138 Atque
524 3068 605 3114 auro
626 3043 708 3136 rude
724 3042 850 3113 sulmen
871 3045 1013 3134 habent,
1031 3047 1168 3116 Orionis
1184 3043 1244 3114 alti

397 3165 474 3234 Non
494 3163 595 3234 salsus
613 3167 737 3234 virtute
753 3191 880 3261 nepos:
899 3165 1034 3262 procul,
1055 3191 1132 3256 oro,
1149 3181 1325 3263 paternum

323 3351 325 3356 .
397 3289 527 3372 Omen,
543 3298 577 3353 et
591 3285 740 3380 innuptae
755 3302 850 3356 vetus
866 3287 1001 3357 ⁴excidat
1019 3289 1068 3357 ira
1087 3285 1221 3358 Dianae!

397 3407 546 3500 Iungunt
566 3430 600 3475 se
620 3408 754 3497 castris,
770 3410 922 3504 regisque
938 3412 973 3478 in
990 3434 1111 3479 nomen
1127 3410 1292 3506 adoptant

398 3522 546 3615 Ooaieae,
564 3526 792 3621 Medeonque,
807 3543 841 3598 et
856 3530 1098 3600 confertissima
1114 3530 1198 3601 lucis

397 3648 505 3740 Nysa,
523 3649 872 3744 Dionaeisquearibus
892 3651 1104 3723 circumsona
1119 3655 1253 3723 Thisbe.

444 3770 649 3839 «Proximus
666 3772 899 3866 Eurymedon,
919 3775 972 3843 cui
991 3773 1170 3870 pastoralia
1184 3777 1290 3846 Fauni

383 3869 500 3959 'Anna
518 3891 639 3983 patris,
657 3893 824 3987 pinusque
834 3894 932 3987 jubas
949 3896 1100 3964 imitatur
1117 3897 1267 3990 equinas,

397 4007 568 4079 Terribilis
584 4010 673 4082 silvis
690 4038 699 4082 ε
718 4039 796 4083 reor
814 4030 847 4083 et
863 4019 1016 4106 Mavorte
1034 4032 1174 4087 cruento
