2934 4950
47 454 119 513 su.)
335 449 530 508 suvaauu
550 451 660 508 mann
680 451 729 506 1v.
834 409 835 414 Ν
1010 453 1063 508 115

28 532 29 563 l
46 578 112 644 llira
126 569 222 644 fides!
242 574 401 645 credetne
419 575 529 643 virum
544 590 684 644 ventura
700 600 869 671 propaga,

46 696 138 781 Quum
152 710 280 790 segetes
297 697 441 782 iterum,
458 719 562 789 quum
576 698 645 790 jam
662 697 732 774 haec
749 695 878 764 deserta
891 696 1066 786 virebant,

45 814 115 882 lnlra
132 816 231 884 urbes
246 813 457 912 populosque
472 817 597 909 premi,
617 816 834 909 proavitaque
853 827 922 883 toto

45 936 117 1002 Rura
133 935 252 1004 abiisse
270 933 380 1003 mari?
398 957 458 1004 nec
478 932 560 1002 dum
578 933 676 1004 letale
693 935 816 1004 minari

46 1055 135 1122 sesai
147 1079 235 1150 apex
252 1081 261 1122 τ
281 1052 400 1148 procul
417 1055 479 1122 ista
494 1054 579 1140 tuis,
594 1053 722 1143 Tifata,
738 1059 860 1145 Teate,

47 1174 101 1241 Nec
115 1175 325 1243 Marrucinos
338 1187 414 1270 agat
431 1173 503 1243 haec
519 1175 648 1246 insania
663 1190 804 1246 montes.

80 1297 170 1364 Nunc
189 1296 216 1363 si
233 1294 321 1364 forte
338 1296 420 1362 meis
437 1319 511 1389 quae
530 1295 599 1364 sint
617 1295 758 1365 exordia
768 1298 874 1367 Musis

48 1415 117 1482 Scire
134 1415 240 1508 petis,
255 1415 327 1508 jam
341 1413 496 1483 Sidonios
512 1433 645 1492 emensa
659 1414 788 1486 labores

48 1534 163 1604 Thebais
182 1549 299 1628 optato
316 1532 453 1629 collegit
467 1533 603 1626 carbasa
623 1549 742 1629 portu;

49 1655 244 1752 Parnassique
255 1649 355 1749 jugis,
370 1651 518 1748 silvaque
535 1631 731 1744 Heliconide
748 1654 839 1726 festia

28 1778 29 1785 ’
49 1775 116 1841 Tura
130 1773 221 1841 dedit
237 1773 400 1861 flammis,
417 1788 451 1842 et
467 1775 608 1869 virginis
626 1789 716 1844 exsta
729 1777 897 1869 juvencae,

28 1934 29 1939 κ
51 1892 241 1986 votiferaque
257 1892 543 1986 meassuspendit
558 1895 603 1964 ah
616 1895 735 1966 arbore
751 1898 859 1966 vittas.

49 2009 125 2080 lunc
139 2037 260 2082 vacuos
277 2013 386 2081 crines
401 2011 467 2082 alio
484 2015 574 2084 subit
591 2014 697 2085 infula
711 2039 797 2085 nexu
814 2043 822 2084 :

51 2127 128 2224 Troja
141 2131 300 2227 quidem,
318 2157 525 2229 magnusque
544 2134 626 2202 mihi
645 2148 793 2224 tentatur
807 2134 974 2226 Achilles5

53 2251 98 2318 Sed
111 2267 205 2322 vocat
220 2255 406 2323 arcitenens
422 2252 488 2344 alio
502 2267 613 2349 pater,
633 2279 792 2350 armaque
808 2272 971 2327 monstrat

52 2375 162 2442 Ausonii
182 2374 310 2468 majora
326 2373 420 2444 ducis
439 2399 448 2445 z
466 2375 569 2443 trahit
586 2376 729 2469 impetus
746 2373 804 2465 illo
832 2447 834 2452 ,

53 2494 103 2561 lam
116 2495 261 2589 pridem,
276 2494 484 2593 retrahitque
501 2496 603 2565 timor
618 2522 625 2563 :
640 2497 822 2565 stabuntne
838 2497 899 2565 sub
916 2495 973 2565 illa

53 2614 119 2683 llole
133 2614 289 2685 humeri?
305 2640 349 2684 an
364 2640 488 2711 magno
504 2616 658 2694 vincetur
674 2616 822 2711 pondere
838 2614 975 2685 cervix?

51 2734 111 2823 llic,
126 2734 303 2823 Marcelle,
320 2732 428 2804 feret?
445 2734 566 2805 fluctus
586 2760 630 2805 an
648 2752 743 2805 sueta
761 2736 906 2806 minores

28 2925 29 2956 q
51 2853 132 2924 Nosse
148 2853 416 2945 ratis,‘nondum
432 2855 537 2924 Ioniis
555 2854 720 2926 credenda
741 2852 894 2950 periclis?

85 2978 210 3069 Jamque
229 2974 322 3064 vale,
340 2989 375 3044 et
394 2976 527 3071 penitus
545 2976 617 3045 noti
636 2973 697 3045 tibi
717 2977 802 3046 uatis
825 2998 970 3045 amorem

52 3093 137 3162 sarde
152 3096 241 3164 exire
258 3109 335 3163 veta
353 3121 363 3163 t
381 3120 443 3164 nec
461 3074 551 3164 enim
569 3094 764 3190 Tirynthius
781 3092 875 3164 almae

52 3212 146 3283 iem,
159 3196 312 3285 amissa
329 3238 338 3283 ι
355 3211 443 3283 edu
459 3197 529 3284 su
539 3201 645 3310 'glosa
662 3215 720 3284 fiai

51 3329 187 3421 litusens,
202 3348 237 3403 et
252 3331 400 3403 laoerum
416 3337 474 3429 qui
491 3337 582 3404 eima
596 3338 718 3405 moenia
734 3336 841 3429 Trojae

53 3450 244 3544 Frondem,
259 3479 343 3524 uaso
359 3452 476 3524 solatia
492 3457 594 3523 traxit
608 3456 725 3524 amieo.
