2934 4950
345 449 382 506 58
707 453 737 507 P.
759 453 882 508 PUBLII
902 453 1026 508 STATII

343 575 491 671 Castiget
511 573 649 646 luctus?
664 579 767 672 gemit
783 579 871 645 inter
885 574 972 646 bella
988 589 1197 671 peremptum

341 696 484 764 Parthus
499 720 637 790 equum,
655 697 805 793 fidosque
823 722 921 766 canes
940 695 1060 765 flevere
1074 693 1228 782 Molossi,

342 819 386 884 Et
404 814 556 886 volucres
576 817 722 886 habuere
742 843 878 913 rogum,
898 840 1080 911 cervusque
1101 817 1262 886 Maronis.

391 935 484 1023 Quid
504 937 531 1004 si
550 962 611 1006 nec
631 935 800 1006 famulus?
817 936 885 1006 vidi
905 937 975 1031 ipse
995 938 1189 1030 animosque
1209 943 1337 1005 notavi

343 1058 391 1124 Te
411 1069 542 1124 tantum
563 1058 724 1151 capientis
745 1059 892 1127 herum:
914 1056 972 1126 sed
990 1057 1097 1151 major
1117 1058 1152 1125 in
1173 1081 1231 1125 ore

344 1177 506 1271 Spiritus,
527 1189 560 1245 et
577 1190 693 1246 tenero
713 1177 879 1246 manifesti
896 1179 931 1245 in
946 1178 1108 1272 sanguine
1124 1174 1241 1245 mores.

239 1324 245 1329 ·
345 1300 513 1390 Optarent
533 1296 677 1367 multum
698 1299 829 1382 Graiae,
849 1312 1077 1392 cuperentque
1097 1298 1225 1366 Latinae

345 1417 398 1485 Sic
417 1418 583 1511 peperisse
601 1443 715 1487 nurus.
737 1420 816 1489 Non
838 1416 939 1486 talem
957 1419 1077 1486 Cressa
1096 1417 1278 1511 superbum

344 1535 474 1606 Callida
492 1537 633 1608 sollicito
649 1540 818 1607 revocavit
834 1537 960 1607 Thesea
980 1535 1037 1606 filo
1055 1564 1062 1604 :

345 1659 416 1728 Nec
435 1659 530 1727 Paris
549 1656 709 1728 OEbalios
729 1655 804 1727 talis
825 1658 954 1726 visurus
974 1682 1104 1726 amores

345 1779 501 1848 Rusticus
521 1778 645 1847 invisas
666 1777 787 1873 dejecit
807 1780 842 1846 in
862 1802 995 1871 aequora
1013 1779 1121 1872 pinus.

346 1891 425 1969 Non
446 1896 539 1984 fallo,
561 1911 620 1966 aut
638 1912 756 1966 cantus
777 1911 907 1967 assueta
927 1896 1062 1967 licentia
1082 1896 1173 1967 ducit
1193 1926 1201 1966 ε

345 2017 444 2107 Vidi,
460 2032 494 2088 et
515 2018 624 2088 adhuc
642 2017 755 2106 video,
775 2017 908 2112 qualem
924 2044 985 2087 nec
1004 2015 1092 2086 bella
1108 2033 1281 2088 caventem

346 2140 461 2208 Litore
479 2138 629 2234 virgineo
649 2138 764 2225 Thetis
782 2136 961 2207 occultavit
981 2137 1144 2208 Achillem
1166 2166 1174 2207 :

346 2260 417 2329 Nec
437 2260 564 2328 circum
583 2259 658 2328 saevi
678 2258 861 2354 fugientem
880 2259 1002 2327 moenia
1021 2258 1137 2327 Phoebi

346 2380 484 2450 Troilon
503 2382 664 2450 AEmoniae
683 2379 861 2476 deprendit
878 2379 994 2450 lancea
1009 2380 1144 2456 dextrae.
1237 2431 1249 2444 .

394 2501 513 2593 Qualis
533 2528 622 2591 eras,
641 2501 759 2597 procul
778 2499 860 2572 heu!
883 2504 1012 2572 cunctis
1032 2499 1209 2597 puerisque
1228 2504 1397 2599 uirisque

347 2622 587 2712 Pulchrior„et
609 2638 741 2694 tantum
759 2601 1047 2694 domino‘minor!
1068 2622 1156 2693 illius
1175 2649 1262 2693 unus

292 2742 294 2747 ’
350 2750 439 2815 Ante
460 2744 576 2832 decor,
596 2758 761 2839 quantum
780 2744 937 2838 praecedit
954 2741 1044 2813 clara
1063 2746 1209 2815 minores

349 2868 447 2935 Luna
466 2866 569 2952 faces,
590 2881 821 2959 quantumque
842 2863 924 2933 alios
944 2864 1069 2959 premit
1085 2870 1254 2960 Hesperus
1275 2868 1393 2960 ignes.

349 2987 508 3068 Nontibi
528 2985 709 3056 femineum
729 2983 827 3055 vultu
847 2983 964 3074 decus,
984 3010 1109 3081 oraque
1129 3012 1231 3082 supra

350 3105 463 3176 Mollis
481 3106 589 3184 honos
609 3104 740 3201 (quales
759 3103 870 3175 dubiae
887 3086 1079 3176 discrimina
1098 3107 1213 3176 sormae

350 3231 402 3297 De
423 3252 503 3295 sexu
523 3227 665 3295 transire
681 3223 837 3322 jubent);
858 3251 1030 3322 parvoque
1049 3226 1153 3297 virilis

277 3398 286 3405 -
351 3348 487 3434 Gratia,
508 3372 569 3417 nec
589 3345 742 3444 petulans
761 3348 865 3438 acies,
885 3346 1068 3444 blandique
1087 3374 1203 3419 severo

350 3472 433 3563 Igne
453 3467 540 3537 oculi
561 3466 686 3565 (qualis
706 3466 802 3538 bellis
817 3471 888 3563 jam
908 3470 1033 3539 casside
1054 3471 1153 3540 missa

353 3568 612 3685 Parthenopaeus
632 3588 743 3685 erat);
761 3588 969 3684 simplexque
989 3592 1129 3661 horrore
1148 3591 1269 3661 decoro

352 3710 475 3799 Crinis,
493 3724 525 3780 et
544 3711 682 3782 obsessae
702 3710 870 3797 nondum,
892 3703 1067 3807 primoque
1089 3714 1248 3799 micantes

351 3829 449 3901 Floro
465 3856 565 3928 genae.
583 3829 699 3902 Talem
716 3833 829 3906 Ledeo
846 3834 979 3929 gurgite
998 3834 1122 3929 pubem
1221 3890 1226 3897 ,

353 3952 482 4023 Educat
500 3956 663 4040 Eurotas3
682 3956 789 4025 teneri
808 3955 855 4024 sic
875 3956 1004 4050 integer
1022 3956 1083 4024 aevi

353 4072 430 4146 Elin
451 4074 534 4162 adit,
554 4075 748 4170 primosque
763 4077 836 4145 Jovi
858 4100 942 4170 puer
960 4078 1124 4171 approbat
1144 4098 1258 4146 annos.
