2934 4950
307 448 363 505 268
685 445 981 505 ADNOTATIONES
1002 473 1004 480 ’

348 555 453 622 lura...
466 565 595 640 genialia
609 562 646 641 (v.
661 562 720 642 99).
736 563 830 620 Miror
844 563 1046 620 Marklandum
1066 583 1127 621 non
1143 563 1286 640 scripsisse
1304 586 1354 642 ge-

306 659 429 725 mota,
441 677 532 733 quum
545 659 606 733 ipse
619 658 693 716 bene
706 657 743 714 de
752 657 796 713 his
810 657 977 732 praeceperit
991 657 1028 714 ad
1041 677 1082 730 rr,
1097 659 1130 730 3,
1146 659 1193 716 62.
1209 661 1307 734 litque
1318 661 1355 716 ita

305 762 383 808 recte
397 752 490 808 codex
504 751 625 826 lthedig.

348 859 491 934 Populwn
499 854 539 934 (v.
557 853 631 935 143).
648 881 660 906 a
675 860 773 916 Unum
789 877 825 914 ex
833 859 962 933 populo,
977 857 1145 928 Etruscum
1159 869 1192 914 ut
1201 857 1355 914 Horatius:

307 951 392 1009 Plebs
407 953 462 1007 en's
470 991 479 1018 ,
493 950 513 1006 i.
529 969 554 1008 e.
568 969 644 1007 unus
658 970 694 1007 ex
709 952 804 1026 plebe.
819 976 831 1003 υ
849 953 968 1008 Mnus..
983 952 1120 1007 Ferreum
1134 950 1202 1008 inde
1220 953 1356 1008 annulum

308 1063 375 1101 cum
388 1061 493 1114 aureo,
508 1043 648 1118 equestris
661 1044 771 1101 ordinis
780 1043 898 1120 insigni,
912 1043 1094 1118 permutavit.

348 1137 439 1193 Patre
446 1148 546 1193 renato
560 1132 599 1216 (v.
611 1133 687 1214 154).
695 1137 741 1192 Ab
751 1135 850 1193 exsilio
863 1136 993 1194 reducto.
1003 1135 1078 1193 Vide
1087 1138 1237 1210 Gnos.,p.
1249 1143 1306 1204 lon
1315 1155 1356 1211 sq.

346 1244 383 1299 V.
403 1241 459 1299 162
481 1261 525 1317 sq.
539 1243 613 1298 Rem
626 1241 667 1298 ita
680 1241 765 1298 effert
777 1241 900 1314 Statius,
914 1251 947 1298 ut
964 1251 1021 1298 tam
1035 1241 1202 1316 propinqua
1220 1241 1358 1316 relegatio

306 1353 398 1410 poenae
414 1354 521 1393 nomen
533 1335 638 1392 mereri
656 1352 717 1390 non
729 1334 884 1391 videatur:
901 1333 983 1410 quod
1001 1334 1134 1408 pluribus
1152 1333 1237 1390 docet
1252 1335 1359 1407 Grou,

306 1447 337 1504 p.
365 1446 423 1485 nra
443 1449 509 1504 sqq.
532 1429 668 1506 Curam
687 1447 757 1485 vero
777 1429 884 1497 socius,
904 1429 923 1486 i.
943 1448 967 1486 e.
990 1429 1097 1505 collega
1117 1427 1246 1498 Etrusci,
1266 1429 1358 1484 multo

307 1522 425 1599 gravius
440 1523 630 1597 plectebatur.

349 1630 538 1686 Sauromatas
551 1630 635 1686 Latio
645 1649 703 1686 noo
717 1641 761 1685 est
773 1629 894 1704 dignata
903 1627 1044 1702 triumpho
1057 1627 1088 1707 (r
1097 1625 1185 1708 .171).
1194 1631 1337 1686 Gerartus
1349 1648 1358 1686 t

295 1719 320 1774 'a
332 1721 513 1780 Domitianus
531 1713 569 1780 de
584 1722 719 1779 Sarmatis
734 1741 793 1780 ase
808 1722 890 1779 victis
903 1721 1080 1796 triumphare
1097 1722 1238 1780 recusavit
1252 1733 1282 1778 ct
1294 1723 1360 1780 lau·

308 1833 386 1872 ream
399 1825 511 1872 tantum
534 1814 601 1872 Jovi
618 1815 781 1890 Capitolino
796 1815 910 1888 intulit,
924 1825 996 1872 teste
1012 1815 1160 1872 Suetonio.
1183 1814 1257 1872 Inde
1277 1817 1359 1872 Mar·

308 1906 400 1981 tinlis,
416 1927 493 1980 vus,
510 1907 563 1979 15,
578 1907 616 1964 de
628 1908 751 1966 victoria
764 1910 911 1966 sarmatica
927 1930 934 1964 :

413 2061 465 2108 Hos
475 2075 573 2126 quoque
583 2069 686 2110 secretos
695 2059 840 2110 memorabit
852 2063 930 2111 Roma
943 2059 1090 2127 triumphos,

450 2144 502 2209 Nec
509 2143 592 2195 minor
600 2144 648 2194 ista
658 2153 705 2195 tun
717 2144 800 2196 laurea
810 2144 876 2212 pacis
888 2153 949 2196 erat.
962 2167 976 2188 ι

350 2289 386 2344 V.
405 2286 459 2345 188
469 2307 512 2363 sq.
527 2290 571 2345 De
583 2289 674 2345 AEnea
687 2299 799 2364 patrem
815 2307 851 2346 ex
863 2288 997 2346 incendio
1012 2288 1127 2362 trojano
1141 2286 1289 2362 eripiente.

349 2379 682 2462 Doctoe...li1eaceroe(v.
693 2379 771 2462 nor).
780 2382 828 2440 sd
837 2383 1359 2464 encausticampicturamhocspectat,

310 2487 343 2533 ut
354 2476 428 2533 vidit
441 2478 587 2550 Gronov„
599 2496 629 2552 p.
648 2476 705 2534 216
720 2496 764 2553 sq.
786 2508 789 2515 ·

353 2584 405 2639 ffic
416 2579 456 2662 (v.
471 2584 528 2641 213
543 2579 609 2661 sq).
625 2584 661 2639 ln
675 2584 774 2656 Italia3
794 2585 823 2639 in
846 2595 896 2640 tua
915 2586 1033 2655 tellure,
1053 2588 1203 2663 Smyrnae:
1224 2584 1265 2640 ibi
1284 2583 1359 2641 enim

310 2676 515 2751 cenotaphium
526 2676 581 2733 tibi
595 2694 631 2733 ex
644 2694 698 2733 usu
713 2686 849 2741 exsuuet.
859 2676 933 2734 Vide
946 2680 1066 2734 Munus..

351 2784 457 2839 Nostra
476 2801 586 2859 quoque
601 2778 639 2861 (v.
656 2780 713 2838 215
727 2778 792 2862 sq).
808 2783 968 2841 «Claudius
982 2782 1059 2841 lilius
1077 2780 1183 2839 dicavit
1196 2782 1265 2855 tibi,
1280 2802 1301 2841 ο
1314 2803 1360 2843 se-

311 2894 381 2948 nex,
396 2886 494 2933 nostra
507 2874 641 2953 lugubria
655 2884 685 2932 et
696 2874 747 2950 pia
761 2876 900 2947 cumina,
913 2878 1030 2933 men'tus
1051 2877 1201 2948 exemplo,
1216 2874 1236 2932 i.
1256 2896 1283 2934 c.
1298 2898 1360 2953 qun

312 2974 444 3048 exemplo
462 2972 575 3047 pietatis
591 2992 649 3031 sue
661 2972 783 3047 meruit,
798 2992 814 3029 a
827 2974 913 3032 uobis
928 2972 1033 3031 elicuit.
1044 2974 1179 3043 nonos,
1192 2991 1222 3047 p.
1234 2990 1304 3045 ²¹7·
1318 2974 1359 3032 Gi.

313 3068 407 3142 Epr'st.
422 3066 498 3124 libro
509 3066 881 3143 prepositann-Sepulcm
887 3108 898 3136 ,
911 3084 968 3142 pro
984 3067 1097 3124 honore
1110 3066 1272 3141 sepulcrali
1286 3068 1360 3125 Vide

311 3162 431 3217 Maean.
1159 3203 1164 3217 .

352 3264 452 3324 Cluui
461 3268 512 3323 IV.
522 3267 594 3324 Cod.
608 3267 694 3326 Paris.
708 3279 737 3326 et
751 3268 796 3325 ed.
810 3286 856 3343 pr.
873 3287 880 3324 t
897 3268 1104 3326 ComaEan'ni.
1119 3265 1256 3324 Sidonius
1269 3267 1361 3341 Apol-

312 3360 408 3417 linaris
427 3382 435 3417 ε
451 3360 546 3418 Comoe
559 3362 656 3417 Flavii
671 3356 783 3419 Earini.
797 3392 839 3406 -
851 3362 931 3419 Noto
947 3360 1013 3426 satis
1026 3352 1157 3417 inclituto
1173 3358 1290 3417 Flavius
1304 3360 1359 3416 Ea-

311 3454 405 3525 rinus,
426 3455 546 3511 libertus
568 3454 741 3529 Domitiani,
760 3456 808 3513 cui
829 3458 934 3531 pocula
954 3453 1108 3525 miscebat,
1129 3456 1284 3529 languente
1302 3454 1357 3527 jam

311 3549 410 3604 formo
427 3548 532 3625 qratia,
549 3547 641 3605 crines
656 3547 733 3606 dicat
745 3548 909 3624 AEsculnpio
925 3552 1099 3625 Pergameno
1115 3566 1205 3604 :uam
1221 3549 1358 3623 Pergamo

312 3640 452 3698 oriundus
465 3652 533 3699 erat.
548 3644 592 3698 De
611 3641 714 3699 eodem
728 3652 840 3700 exstant
856 3642 1057 3719 epigrammata
1070 3640 1228 3712 Martialis,
1241 3658 1289 3713 rx,
1307 3656 1357 3696 12-

316 3739 351 3801 14
358 3777 367 3805 ,
385 3753 430 3805 17,
453 3734 497 3791 ιθ.

351 3842 459 3895 Fomn
479 3853 507 3896 et
520 3842 583 3916 ipse
595 3839 635 3919 (v.
653 3860 689 3897 ιο
702 3838 767 3918 sq).
785 3842 853 3899 Non
867 3842 991 3899 debebat
1012 3842 1158 3911 Gronov„
1180 3858 1212 3914 p.
1231 3838 1289 3896 218
1304 3858 1358 3913 sq,

312 3933 385 3989 adeo
393 3952 528 4009 spernere
540 3934 660 3991 Domitii
673 3945 702 3991 et
714 3934 830 3993 Morelli
844 3936 1078 4010 explicationem,
1091 3952 1182 4009 quum
1195 3950 1293 3989 veram
1302 3950 1357 3988 esse

311 4036 423 4101 pateat,
444 4037 473 4084 at
491 4038 624 4083 contorta
645 4027 701 4083 sint
724 4048 787 4103 quae
801 4030 913 4104 profert
930 4030 998 4104 ipsc.
1016 4052 1028 4078 κ
1043 4031 1148 4083 Putans
1169 4026 1297 4101 Apollo,
1313 4024 1357 4079 in-

312 4119 429 4194 quiunt,
440 4121 498 4193 jam
513 4122 669 4192 Bacchum,
684 4141 750 4178 cum
760 4142 819 4198 quo
835 4106 925 4179 οδω
938 4112 980 4178 de'
991 4119 1207 4196 pulchritudine
1224 4119 1355 4187 crinium,
