2934 4950
82 396 190 463 (teht)
393 394 605 450 rueramus
627 394 737 451 mam
759 396 809 451 vt

81 521 259 607 Cominus,
282 536 314 589 et
333 518 430 588 simili
447 535 590 589 stantem
609 524 748 589 miratus
766 524 802 589 in
815 522 868 590 ira

81 638 221 709 Sustulit
237 637 421 726 exsultans,
440 640 634 735 nudumque
653 640 695 710 ad
712 655 848 737 pectora
868 644 997 735 pressit.

126 759 226 830 Illum
245 760 439 856 indignatur
455 762 651 856 Capaneus,
667 760 821 855 ridetque
838 777 1028 851 vocantem,

80 883 125 951 Ut
145 882 326 965 miserans,
345 880 518 975 poscitque
538 878 664 950 allum:
685 880 887 975 tandemque
903 897 1038 953 maome

80 1002 229 1089 Restitit,
248 1016 283 1070 et
302 999 445 1070 stimulis
459 1002 529 1093 jam
547 999 705 1096 languida
720 999 807 1071 colla
822 1017 1022 1073 tumescunt.

79 1121 266 1192 Fulmineas
287 1120 353 1190 alte
373 1122 522 1216 suspensi
542 1146 685 1218 corpora
705 1120 827 1216 plantis

79 1247 221 1313 Erexere
238 1264 381 1312 manus:
401 1258 475 1312 tuto
494 1242 612 1338 procul
632 1268 692 1313 ora
710 1268 841 1314 recessu

79 1368 258 1433 Armorum
277 1366 318 1432 in*
335 1362 493 1457 speculis,
514 1364 689 1457 aditusque
705 1364 749 1433 ad
768 1363 908 1435 vulnera
924 1367 1015 1437 clusi.

72 1487 142 1573 ¹Hie
160 1500 308 1579 quantus
327 1486 451 1580 Stygiis
469 1486 583 1579 Tityos
602 1502 783 1581 consurgat
801 1486 843 1556 ab
862 1490 966 1577 arvis,

79 1609 112 1676 si
131 1622 238 1676 torvae
255 1606 427 1701 patiantur
445 1629 540 1694 aves,
559 1620 653 1676 tanta
670 1606 819 1701 undique
837 1607 955 1703 pandit

78 1728 309 1798 Membrorum
326 1728 453 1822 spatia,
473 1742 507 1795 et
524 1728 623 1797 tantis
645 1728 736 1798 ferus
752 1730 881 1798 ossibus
898 1744 1012 1799 exstat.

124 1852 189 1919 Hic
205 1846 320 1945 paullo
335 1862 412 1919 ante
429 1874 524 1944 puer,
541 1848 598 1918 sed
617 1850 706 1919 enim
723 1851 887 1921 maturius
906 1876 977 1921 aevo

79 1972 208 2060 Robur,
226 1986 259 2039 et
277 1972 426 2067 ingentes
443 1970 586 2066 spondet
602 1986 695 2041 tener
716 1972 861 2068 impetus
880 1998 1005 2063 annos,

78 2094 187 2183 Quem
205 2093 295 2161 vinci
313 2090 405 2161 haud
425 2094 618 2187 quisquam,
637 2117 724 2162 saevo
741 2118 803 2163 nec
821 2096 982 2190 sanguine
1000 2098 1086 2193 tingi

78 2212 193 2303 Malit3
211 2229 246 2282 et
260 2228 370 2283 erecto
386 2214 499 2283 timeat
516 2213 705 2309 spectacula
724 2231 816 2285 voto.

127 2340 175 2408 Ut
194 2360 265 2406 sese
282 2337 451 2431 permensi
468 2334 591 2426 oculis,
609 2350 643 2406 et
659 2339 958 2433 uterquepriorem

79 2462 263 2556 speravere
281 2454 412 2549 locum,
432 2483 500 2529 non
519 2459 672 2554 protinus
690 2459 757 2547 ira,
774 2485 837 2529 nec
853 2460 957 2530 ictus:

81 2581 241 2652 Alternus
256 2580 405 2676 paullum
425 2583 538 2670 timor,
553 2595 587 2650 et
602 2581 765 2676 permixta
783 2579 889 2650 furori
908 2638 911 2644 .

82 2702 249 2793 consilia,
268 2701 430 2772 inclinant
448 2701 582 2772 tandem
599 2704 768 2772 contraria
784 2705 877 2797 jactu
918 2749 922 2753 ν

84 2825 245 2915 Brachia,
263 2839 298 2894 et
316 2823 490 2920 explorant
506 2837 639 2913 caestus,
659 2821 886 2920 hebetantque
905 2823 1055 2896 terendo.

128 2947 274 3017 Doctior
292 2945 348 3015 hic
365 2944 478 3014 dillert
498 2945 665 3031 animum,
685 2959 904 3040 metuensque
924 2946 1028 3015 futuri

81 3071 268 3140 Cunctatus
288 3067 375 3136 vires
393 3065 586 3161 dispensat:
604 3079 641 3134 at
659 3062 715 3134 ille
732 3065 877 3135 nocendi

80 3188 263 3284 Prodigus,
285 3188 505 3282 incautusque
524 3188 595 3273 sui,
615 3187 685 3256 ruit
703 3188 830 3276 omnis,
848 3201 883 3257 et
898 3189 1013 3256 ambas

82 3311 261 3384 Consumit
277 3305 348 3379 sine
367 3307 440 3405 lege
461 3333 597 3396 manus,
619 3321 720 3402 atque
742 3309 837 3377 irrita
856 3307 983 3378 frendit

81 3437 280 3528 Insurgens,
296 3455 396 3526 seque
412 3417 482 3526 ipse
498 3430 621 3524 premit
639 3454 648 3496 ε
668 3427 724 3498 sed
742 3428 904 3524 providus
922 3442 1015 3516 astu,

83 3557 125 3623 Et
142 3553 252 3648 patria
265 3532 347 3647 vigil
363 3565 434 3621 arte
451 3554 585 3636 Lacon,
605 3549 668 3618 hos
682 3550 793 3643 rejicit
811 3550 914 3641 ictus,

83 3677 153 3744 Hos
174 3687 270 3743 cavet
287 3698 295 3740 :
312 3669 479 3742 interdum
498 3686 599 3760 nutu,
619 3672 805 3765 capitisque
819 3672 910 3740 citati

84 3798 218 3892 Integer
238 3792 417 3887 obsequio,
434 3793 590 3862 manibus
609 3817 699 3861 nunc
718 3791 817 3860 obvia
835 3790 902 3860 tela

86 3917 294 4004 Discutiens,
312 3916 414 3984 instat
432 3939 566 4011 gressu,
584 3913 744 4008 vultuque
761 3911 911 3984 recedit:

85 4040 177 4135 Saepe
196 4039 296 4109 etiam
313 4037 444 4131 injustis
460 4034 617 4106 collatum
636 4035 931 4123 viribushostem,

232 4183 267 4228 u.
941 4152 966 4223 6
