2934 4950
370 391 404 446 ta
669 385 883 442 rusannos
904 367 1015 440 urana
1044 388 1084 441 rr
1303 381 1401 444 (ntor-t

365 517 511 590 Audiorl
527 543 570 587 an
591 515 707 585 rabido
725 515 841 608 jubeat
857 514 885 582 si
905 513 1062 582 Thessala
1081 527 1186 581 cantu

366 638 482 709 Ibitis?
501 653 534 707 et
551 637 714 731 Scythicis
731 636 862 729 quoties
878 650 1006 704 armata
1027 634 1162 704 venenis

365 759 501 832 Colchis
519 773 613 855 aget,
633 756 765 852 trepido
782 755 956 850 pallebunt
973 757 1113 824 Tartara
1131 754 1249 824 motu?

366 883 482 952 Nostri
500 905 581 951 cura
601 881 730 966 minor,
750 880 777 947 si
797 903 865 946 non
887 875 1043 947 attollere
1063 878 1170 947 bustis
1228 949 1231 956 ,

366 1007 535 1098 Corpora,
554 1027 616 1070 nec
636 1000 752 1095 plenas
770 1000 917 1093 antiquis
936 999 1066 1068 ossibus
1086 1023 1188 1067 urnas

364 1129 527 1220 Egerere,
546 1139 580 1192 et
598 1124 721 1191 mixtos
741 1119 883 1216 coelique
900 1121 1069 1214 Erebique
1090 1121 1151 1189 snb
1171 1145 1278 1190 unum

365 1252 549 1317 Funestare
569 1249 660 1315 Deos
679 1242 779 1330 libet,
805 1257 865 1312 aut
882 1245 1063 1338 exsanguia
1083 1242 1173 1312 ferro

365 1374 435 1440 Ora
454 1369 564 1463 sequi,
580 1381 640 1436 aut
657 1391 762 1462 aegras
780 1366 975 1434 functorum
990 1389 1128 1460 carpere
1145 1363 1266 1433 libras?

366 1493 418 1561 Ne
437 1505 555 1560 tenues
571 1513 695 1574 annos,
716 1488 908 1582 nubemque
926 1489 1015 1556 hanc
1036 1487 1158 1557 frontis
1174 1511 1303 1580 opacae,

365 1613 521 1710 Spernite
536 1637 594 1700 ne,
613 1635 755 1696 moneo,
773 1624 807 1678 et
828 1609 924 1678 nobis
943 1611 1056 1678 servire
1072 1606 1223 1678 facultas.

366 1735 499 1804 Scimus
519 1734 609 1802 enim
629 1746 664 1800 et
682 1731 850 1826 quidquid
868 1730 952 1818 dici,
971 1733 1132 1824 noscique
1150 1732 1292 1816 timetis,

365 1859 411 1926 Et
425 1856 561 1925 turbare
579 1859 748 1940 Hecaten,
769 1857 804 1921 ni
821 1867 874 1941 te,
895 1854 1110 1948 Thymbreo,
1133 1877 1267 1922 vererer
1285 1878 1293 1921 :

365 1982 411 2048 Et
427 1974 567 2071 triplicis
585 1974 703 2044 mundi
721 1999 909 2061 summum,
926 1999 1027 2068 quern
1045 1977 1128 2044 scire
1143 1973 1307 2044 nefastum
1318 1987 1382 2042 est:

364 2097 466 2168 Illum
486 2097 543 2167 sed
561 2110 655 2166 taceo
674 2123 682 2164 :
703 2096 861 2191 prohibet
879 2094 1059 2191 tranquilla
1076 2110 1239 2167 senectus.

364 2224 507 2313 Jamque
523 2243 587 2314 ego
608 2215 725 2288 vos....!
745 2247 762 2283 u
782 2216 888 2288 hvide
906 2219 1029 2288 subicit
1049 2219 1205 2289 Phoebeia
1223 2222 1353 2289 Manto:

365 2340 549 2430 «Audiris,
569 2341 717 2435 genitor,
729 2339 923 2436 ⁴vulgusque
944 2365 1110 2436 exsangue
1130 2343 1337 2436 propinquat.

364 2463 529 2535 Panditur
549 2461 700 2559 Elysium
715 2462 844 2553 Chaos,
862 2477 897 2533 et
915 2461 1045 2533 telluris
1065 2480 1189 2559 opertae

364 2585 493 2657 Dissilit
513 2587 631 2655 umbra
651 2610 776 2681 capax,
795 2584 971 2679 silvaque,
989 2601 1023 2654 et
1041 2588 1137 2681 nigra
1155 2600 1327 2682 patescunt

364 2708 534 2796 Flumina,
553 2707 694 2776 liventes
711 2707 868 2777 Acheron
887 2708 1009 2801 ejactat
1028 2733 1155 2779 arenas.

365 2830 526 2901 Fumidus
543 2843 618 2899 atra
632 2828 726 2928 vadis
745 2828 954 2925 Phlegethon
977 2832 1130 2902 incendia
1149 2832 1273 2921 volvit,

365 2959 409 3025 Et
428 2958 508 3049 Styx
525 2952 675 3022 discretis
691 2952 848 3021 interllua
863 2954 1023 3024 Manibus
1041 2956 1162 3025 obstat.

367 3074 682 3171 Ipsum'pallenteni
704 3072 804 3163 solio,
825 3075 1020 3170 circumque
1036 3078 1205 3148 ministras

365 3202 589 3267 Funestorum
607 3221 748 3292 operum
764 3198 982 3286 Eumenides,
1001 3200 1190 3295 Stygiaeque
1211 3226 1336 3271 severos

365 3320 508 3389 Junonis
526 3317 709 3407 thalamos,
726 3332 761 3387 et
778 3334 893 3387 moesta
914 3320 1038 3389 cubilia
1056 3347 1166 3393 cerno.

367 3448 407 3511 ln
424 3438 568 3537 speculis
588 3442 683 3509 Mors
704 3456 777 3510 atra
795 3441 903 3529 sedet,
921 3442 1132 3539 dominisque
1154 3445 1287 3518 silentes

367 3572 579 3637 Annumerat
596 3561 741 3657 populos
761 3590 768 3632 :
792 3566 899 3659 major
917 3568 1141 3659 supereminet
1158 3570 1254 3638 ordo.

366 3686 502 3757 Arbiter
519 3686 582 3753 bos
597 3682 683 3753 dura
700 3700 811 3755 versat
829 3687 1016 3781 Gortynius
1036 3712 1137 3778 urna,

367 3812 457 3879 Vera
472 3807 574 3877 minis
595 3831 751 3901 poscens,
769 3806 941 3904 adigitque
961 3834 1159 3904 expromere
1176 3814 1262 3883 vitas

366 3934 483 4023 Usque
502 3944 613 4019 retro,
633 3944 667 3997 et
687 3929 824 3999 tandem
843 3955 1018 4026 poenarum
1039 3932 1133 4003 lucra
1154 3934 1260 4007 fateri.

367 4050 462 4141 Quid
482 4050 543 4119 tibi
564 4066 714 4120 monstra
733 4052 851 4142 Erebi,
870 4052 1014 4147 Scyllas,
1037 4070 1071 4124 et
1088 4056 1189 4127 inane
1209 4059 1346 4137 furentes
