2934 4950
55 347 170 438 (esis)
366 373 579 432 anmmnos
601 373 710 428 unua
731 371 778 427 nt
849 341 853 350 ’
1043 365 1098 444 159

54 503 212 591 Circuit:
230 499 284 568 hic
303 497 438 568 demum
457 499 563 568 victus
581 521 737 591 suprema
752 496 848 565 sateri

53 621 255 693 Exclamat:
275 649 292 684 a
305 618 484 708 Fluvione,
503 615 626 712 pudet!
645 621 738 688 Mars
756 607 897 710 inclyte,
917 639 1046 709 merges

53 750 152 814 Hane
169 741 338 812 animam?
358 764 541 835 segnesque
559 739 649 810 lacus
665 754 697 810 et
711 753 828 832 stagna
846 737 982 820 subibo,

53 868 126 933 Ceu
144 865 274 957 pecoms
291 877 419 950 custos,
439 863 540 934 subiti
556 862 713 933 torrentis
729 860 852 953 iniquis

54 987 266 1078 Interceptus
285 983 402 1077 aquis?
421 983 547 1053 adeone
566 981 764 1052 occumbere
782 979 871 1048 ferro

55 1107 135 1174 Non
153 1102 312 1176 martiii»
331 1103 478 1172 Tandem
498 1102 651 1196 precibus
667 1116 833 1170 commota
848 1102 1033 1168 Tonantem

55 1231 144 1294 Juno
161 1225 275 1293 subit:
293 1224 475 1311 «Quonam
493 1223 644 1306 miseros,
664 1224 755 1290 sator
769 1220 890 1315 inclyte
905 1224 1049 1302 Divum,

57 1343 254 1430 Inachidas,
274 1368 419 1437 quonam
436 1367 542 1436 usque
561 1340 709 1436 premes?
724 1341 794 1434 jam
812 1341 920 1411 Pallas
936 1357 970 1410 et
985 1340 1057 1408 odit
1092 1376 1095 1382 ·

56 1464 191 1558 Tydea,
207 1465 276 1557 jam
299 1480 395 1558 rapto
413 1478 590 1534 tacuerunt
608 1487 734 1558 augure
752 1461 894 1556 Delphi:

57 1590 108 1654 En
128 1610 224 1654 meus
243 1583 471 1678 Hippomedon
482 1637 500 1670 ,
511 1585 564 1652 cni
582 1585 690 1678 gentis
708 1584 802 1678 origo
818 1585 967 1676 Mycenae

57 1703 273 1800 Argolicique
293 1704 395 1792 lares,
414 1729 602 1798 numenque
621 1719 697 1773 ante
717 1705 831 1773 omnia
849 1708 953 1790 Juno,

57 1826 126 1920 (sic
147 1850 211 1921 ego
230 1825 297 1896 fida
315 1826 437 1920 meisl)
457 1825 565 1921 pelagi
584 1824 773 1894 crudelibus
791 1826 854 1894 ibit

59 1947 176 2018 Praeda
194 1942 290 2016 feris!
309 1963 397 2018 certe
416 1945 579 2036 tumulos,
597 1971 817 2041 supremaque
834 1947 930 2015 vietis

59 2073 163 2136 Busta
181 2066 307 2140 dabas:
326 2067 382 2138 ubi
401 2069 570 2162 Cecropiae
588 2083 662 2161 post
681 2066 797 2162 proelia
818 2066 979 2134 flamma?
1042 2084 1045 2092 ’

59 2190 206 2257 Theseos
227 2189 312 2282 ignis
329 2189 387 2258 ubi
406 2187 506 2257 estin
526 2189 605 2258 Non
626 2189 752 2282 spernit
771 2188 923 2281 conjugis
942 2209 1051 2280 equas

61 2309 120 2378 llle
139 2334 254 2403 preces
273 2335 281 2376 :
303 2307 483 2402 leviterque
501 2307 614 2378 oculos
635 2308 675 2376 ad
697 2311 818 2376 moenia
837 2305 955 2376 Cadmi

61 2429 221 2519 Rettulit,
239 2443 271 2499 et
291 2431 361 2505 viso
377 2429 535 2499 sederunt
553 2429 690 2498 flumina
711 2443 805 2497 nutu.

14 2551 18 2563 '
108 2550 205 2619 lllins
222 2576 405 2647 exsangues
424 2552 571 2638 humeri,
589 2565 623 2619 et
639 2550 787 2643 perfossa
804 2527 977 2643 patescunt

62 2674 203 2741 Pectora
221 2698 228 2739 :
247 2697 307 2741 ceu
327 2674 432 2741 ventis
451 2671 515 2740 alte
536 2695 638 2765 quum
658 2669 742 2739 elata
758 2669 879 2739 resedit

62 2794 270 2886 Tempestas,
290 2808 431 2887 surgunt
450 2791 598 2888 scopuli,
615 2793 820 2885 quaesitaque
835 2792 945 2859 nautis

64 2915 187 3001 Terra,
204 2927 237 2983 et
258 2914 299 2981 ab
316 2913 440 2982 infestis
456 2912 660 2982 descendunt
680 2936 813 3005 aequora
832 2913 927 2980 saxis.

111 3033 204 3121 Quid
226 3035 314 3128 ripas
334 3036 477 3103 tenuisse
495 3034 611 3129 juvat?
628 3035 749 3129 premit
769 3031 916 3125 undique
935 3031 1049 3098 nimbo

63 3153 220 3222 Telorum
236 3154 405 3223 Phoenissa
421 3155 541 3224 cohors
560 3181 568 3222 :
585 3178 647 3224 nec
665 3155 809 3248 tegmina
827 3152 982 3221 membris

65 3273 156 3363 Ulla,
175 3275 349 3368 omnisque
365 3288 457 3368 patet
473 3272 540 3347 leto
559 3302 566 3342 :
585 3290 665 3344 tunc
685 3273 824 3343 vulnera
840 3287 990 3360 manant,

64 3396 200 3489 Quique
218 3394 279 3465 sub
300 3418 397 3463 amne
409 3393 467 3463 diu
482 3396 611 3488 stupuit
626 3420 738 3480 cruor,
757 3418 833 3463 aere
853 3394 944 3463 nudo

66 3514 224 3601 Solvitur,
242 3530 276 3584 et
293 3529 409 3586 tenues
427 3540 586 3584 venarum
604 3513 693 3583 laxat
712 3515 837 3601 hiatus,

67 3639 252 3732 lucentique
270 3636 382 3707 labant
400 3637 565 3707 undarum
588 3636 713 3733 frigore
728 3662 868 3732 gremus.

112 3760 325 3849 Procumbit,
341 3760 458 3831 Getico
477 3758 583 3853 qualis
601 3758 792 3853 procumbit
811 3759 844 3825 in
862 3762 977 3826 Haemo

67 3880 128 3946 Seu
149 3883 262 3948 Boreae
281 3879 391 3968 furiis,
410 3882 499 3975 putri
518 3905 575 3949 seu
594 3880 715 3949 robore
729 3902 871 3972 quercus

68 3999 157 4068 Coelo
175 4003 278 4069 mixta
298 4026 424 4089 comas,
444 4004 676 4096 ingentemque
696 4024 773 4069 aera
793 3998 890 4067 laxat.
