2934 4950
363 385 382 442 6
666 385 880 444 mammos
899 386 1010 445 uttan
1032 387 1082 440 lv.
1285 389 1315 446 (v.
1327 387 1381 447 ull

363 513 487 606 Stagna
507 511 612 596 subit,
630 533 856 606 magnumque
876 511 1025 605 objectus
1041 509 1168 580 detinet
1186 535 1323 582 amnem.

412 633 500 721 Quis
517 657 693 703 numerum
709 632 808 719 ferri,
826 647 1024 726 gentesque,
1041 646 1076 700 et
1094 631 1215 700 robora
1233 629 1322 700 dicto

351 747 516 847 ¹AEquarit
532 751 672 825 mortale
688 751 831 842 sonans?
846 775 925 820 suus
944 754 1031 822 excit
1047 754 1083 820 in
1101 776 1192 820 arma

363 875 542 967 Antiquam
559 874 721 968 Tiryntha
738 877 831 944 Deus
849 899 856 942 :
876 897 944 941 non
962 871 1104 942 fortibus
1121 870 1175 940 illa

362 995 555 1065 lnfoecunda
572 996 668 1084 viris,
686 996 841 1090 famaque
862 996 1014 1071 immanis
1034 993 1161 1064 alumni

363 1119 571 1210 Degenerat;
588 1115 645 1186 sed
663 1113 756 1211 lapsa
772 1118 838 1186 situ
858 1116 1010 1204 fortuna,
1027 1139 1136 1210 neque
1150 1113 1280 1186 addunt

364 1237 481 1306 Robur
496 1260 576 1331 opes
591 1262 599 1307 ε
614 1262 710 1308 rarus
726 1239 840 1310 vacuis
858 1237 1026 1308 habitator
1041 1238 1076 1306 in
1097 1238 1184 1306 arvis

362 1359 532 1428 Monstrat
543 1356 736 1453 ‘Cyclopum
756 1358 871 1430 ductas
891 1357 1069 1434 sudoribus
1087 1381 1190 1426 arces.

363 1481 431 1548 Dat
448 1494 559 1550 tamen
575 1479 645 1550 tac
657 1480 820 1573 juvenum
838 1493 1022 1553 tercentum
1042 1493 1192 1573 pectora,
1208 1476 1326 1572 vulgus
1370 1538 1373 1544 ,

363 1599 581 1670 innumerum
596 1598 703 1688 bello,
724 1601 846 1692 quihus
866 1599 956 1670 haud
973 1614 1125 1685 amenta,
1144 1622 1206 1668 nec
1224 1621 1317 1666 enses

363 1721 472 1791 Triste
489 1721 613 1793 micant
633 1720 781 1790 :flavent
801 1721 900 1815 capiti
921 1736 1081 1815 tergoque
1098 1717 1232 1789 leonum

364 1844 515 1932 Exuvias,
531 1842 664 1938 gentilis
682 1844 806 1930 honos,
825 1857 860 1910 et
876 1842 993 1937 pineus
1007 1855 1113 1920 armat

364 1964 489 2057 Stipes,
508 1937 714 2036 inexhaustis
733 1977 906 2034 arctamur
923 1960 988 2030 tola
1005 1961 1178 2056 pharetris.

364 2082 563 2157 Herculeum
576 2087 695 2158 Paeana
709 2099 855 2172 canunt,
875 2097 1068 2175 vastataque
1084 2083 1241 2152 monstris

240 2251 245 2259 -
364 2205 514 2274 Omnia:
533 2204 690 2278 frondosa
706 2204 843 2300 longum
863 2206 956 2272 Deus
975 2202 1069 2274 audit
1088 2202 1131 2271 ab
1150 2206 1248 2272 OEta.

412 2328 481 2396 Dat
495 2327 621 2396 Nemee
637 2326 791 2413 comites,
810 2339 842 2397 et
860 2348 941 2416 quas
962 2325 995 2392 in
1014 2321 1130 2417 proelia
1149 2324 1233 2390 vires

364 2449 464 2517 Sacra
482 2444 627 2518 Cleonei
639 2461 766 2543 cogunt
783 2447 895 2517 vineta
915 2442 1091 2514 Molorchi.

364 2565 482 2636 Gloria
499 2582 580 2637 nota
598 2591 696 2654 casu,
713 2566 842 2638 loribus
859 2562 1013 2637 simulata
1033 2562 1176 2659 salignis,

234 2712 239 2719 ’
364 2685 513 2780 Hospitis
529 2711 622 2760 arma
639 2688 723 2774 Dei,
742 2710 914 2781 parvoque
932 2685 1121 2765 ostenditur
1139 2710 1240 2771 arvo,

363 2805 480 2875 Robur
497 2806 556 2878 uhi
572 2821 606 2879 et
623 2806 713 2877 laxos
731 2832 797 2901 qua
817 2805 1029 2877 reclinaverit
1044 2829 1140 2889 arcus

363 2924 460 3017 llice,
478 2952 545 3021 qua
562 2928 666 3000 cubiti
683 2928 818 3001 sedeant
838 2930 975 3023 vestigia
992 2943 1090 3003 terra.

411 3050 456 3119 At
472 3047 592 3143 pedes,
609 3062 643 3123 et
660 3062 730 3117 toto
745 3051 940 3146 despectans
958 3052 1082 3119 vertice
1098 3047 1243 3139 bellum,

364 3170 521 3263 Quatuor
535 3168 707 3247 indomitis
723 3177 899 3269 Capaneus
915 3184 1026 3267 erepta
1041 3170 1194 3261 juvencis

362 3296 486 3389 Terga,
504 3319 672 3390 superque
691 3297 802 3391 rigens
819 3296 944 3389 injectu
966 3286 1065 3367 molis
1080 3295 1193 3363 ahena

363 3418 486 3488 Versat
502 3441 606 3504 onus;
624 3414 755 3510 squalet
772 3413 902 3511 triplici
915 3440 1047 3487 ramosa
1061 3440 1185 3485 corona

363 3535 479 3632 Hydra
494 3562 610 3607 recens
627 3538 722 3610 obitu
742 3562 750 3606 :
771 3562 847 3631 pars
865 3536 1029 3632 anguibus
1046 3560 1161 3631 aspera
1182 3537 1263 3605 vivis

363 3659 513 3751 Argento
530 3656 643 3727 caelate
659 3659 779 3746 micat3
800 3682 878 3751 pars
896 3672 968 3727 arte
988 3672 1122 3751 reperta

364 3776 541 3867 Conditur,
558 3794 592 3850 et
610 3776 702 3849 lislro
720 3781 868 3849 moriens
886 3780 1026 3875 ignescit
1042 3780 1078 3850 in
1097 3802 1201 3848 auro:

364 3899 502 3969 Circum
517 3903 624 3971 amnis
641 3916 793 3997 torpens,
811 3917 844 3970 et
863 3900 952 3971 ferro
968 3899 1088 3971 caerula
1104 3904 1222 3969 Lerne.

365 4024 408 4090 At
428 4018 570 4090 laterum
586 4036 731 4112 tractus,
751 4024 961 4118 spatiosaque
977 4036 1112 4116 pectora
1129 4036 1237 4091 servat
1271 4046 1273 4051 ’
