2934 4950
374 340 411 396 66
690 342 906 397 turannos
925 342 1037 399 LIBER
1058 342 1109 397 vt.
1296 340 1389 401 (mal-l

373 469 633 559 Praestantesqtre
653 468 742 535 viros
762 484 858 537 vocat
878 465 920 535 ad
939 492 997 536 sua
1016 468 1152 560 praemia
1169 466 1283 533 rictus.

422 590 552 657 Primus
571 588 674 657 sudor
692 590 796 683 equis.
817 590 901 675 Dic,
920 586 1042 681 inclyte
1060 586 1198 668 rhoebe,
1218 600 1373 680 regentum

373 711 534 793 Nomina,
553 708 606 779 dic
626 712 713 804 ipsos
733 735 741 777 ε
762 733 869 802 neque
885 711 973 777 enim
991 709 1181 803 generosior
1197 730 1336 800 unquam

374 835 547 930 Alipedum
566 834 686 905 collata
705 836 817 903 acies:
839 858 899 904 ceu
917 848 1062 929 praepete
1080 856 1189 910 cursu,

374 958 565 1051 Conlligant
581 955 690 1025 densae
707 955 874 1042 volucres,
893 969 950 1023 aut
966 953 1064 1023 litore
1082 956 1116 1021 in
1135 978 1201 1021 uno

375 1076 486 1147 AEolus
504 1079 626 1145 insanis
644 1090 768 1145 statuat
784 1077 965 1144 certamina
984 1077 1102 1151 ventis.

422 1199 566 1268 Ducitur
584 1213 661 1265 aute
680 1221 795 1265 omnes
814 1195 921 1264 rutilae
941 1197 1133 1265 manifestus
1151 1195 1257 1263 Arion

374 1324 456 1416 Igne
471 1320 560 1413 jubae
578 1346 586 1387 ε
606 1322 785 1415 Neptunus
801 1314 947 1411 equo,'si
964 1332 1053 1385 certa
1070 1318 1222 1411 priorum

374 1446 490 1531 Fama,
510 1455 603 1535 pater
623 1466 631 1509 ι
654 1426 780 1534 primus
800 1439 922 1506 teneris
943 1438 1060 1507 laesisse
1080 1435 1211 1529 lupatis

375 1569 460 1660 Ora,
478 1577 511 1630 et
528 1561 645 1629 litoreo
664 1560 842 1628 domitasse
859 1560 893 1627 in
913 1558 1048 1653 pulvere
1066 1542 1186 1645 sertur,

375 1683 576 1752 Verberibus
594 1706 732 1775 parcens
751 1706 759 1747 z
779 1682 900 1748 etenim
918 1682 1089 1748 insatiatus
1107 1678 1207 1746 eundi

375 1804 498 1891 Ardor,
517 1817 549 1871 et
566 1802 714 1896 hyberno
730 1825 792 1895 par
808 1803 1031 1870 inconstantia
1048 1815 1164 1895 ponto.

377 1928 468 2018 Saepe
485 1948 546 2018 per
562 1924 694 1991 Ionium
712 1922 940 2015 Libycumque
957 1922 1148 1990 natantibus
1167 1923 1214 1988 ire

376 2046 603 2139 Interjunctus
621 2024 733 2137 equis,
751 2068 931 2136 omnesque
948 2056 1097 2111 assuetus
1114 2044 1149 2110 in
1167 2068 1245 2111 oras

259 2218 261 2223 ,
377 2163 563 2234 Caeruleum
584 2163 712 2232 deferre
729 2178 858 2258 patrem
875 2190 883 2231 ε
902 2178 1059 2258 stupuere
1077 2161 1193 2231 relicta

377 2285 522 2375 Nubila,
539 2300 702 2354 certantes
718 2286 868 2377 Eurique
885 2286 1033 2377 Notique
1053 2298 1249 2377 sequuntur.

378 2409 448 2476 Nec
467 2408 577 2474 minor
597 2408 631 2474 in
654 2406 749 2475 terris
769 2403 853 2475 bella
874 2405 1061 2500 Eurysthea
1078 2420 1251 2500 gerentem
1437 2465 1438 2472 ,

379 2527 700 2622 Amphitryoniaden
721 2526 789 2596 alto
809 2552 868 2622 per
887 2528 1038 2620 gramina
1057 2524 1149 2595 sulco
1351 2511 1354 2515 7

378 2654 530 2719 Duxerat
549 2675 555 2716 :
578 2648 625 2716 illi
644 2651 743 2718 etiam
764 2648 868 2736 ferus,
887 2647 1106 2742 indocilisque
1125 2651 1243 2718 teneri.

378 2773 459 2838 Mox
480 2771 605 2838 Divum
625 2769 715 2837 dono
736 2769 823 2863 regis
843 2756 999 2862 dignatus
1019 2769 1152 2839 Adrasti

380 2893 537 2985 Imperia,
554 2906 587 2958 et
604 2889 746 2959 multum
764 2889 881 2958 mediis
898 2905 1127 2960 mansueverat
1143 2893 1253 2961 annis.

380 3015 475 3080 Tunc
490 3026 600 3080 rector
616 3035 740 3105 genero
755 3010 903 3105 Polynici
920 3010 1069 3106 indulget
1086 3012 1254 3107 agendum

380 3130 489 3200 Multa
506 3157 663 3222 monens,
681 3132 738 3199 ubi
757 3131 868 3200 fervor
885 3156 988 3225 equo,
1007 3157 1073 3226 qua
1089 3111 1202 3202 suetus
1222 3135 1266 3204 ab
1284 3149 1350 3203 arte

306 3240 308 3250 ¹
382 3251 542 3340 Mulceri,
560 3277 603 3320 ne
621 3275 704 3342 saeva
724 3276 861 3340 manus,
880 3278 922 3321 ne
940 3251 1023 3322 liber
1041 3254 1179 3324 habenis

294 3365 297 3372 ’
382 3377 538 3466 lmpetus.
562 3375 684 3467 «Urge
702 3371 803 3460 alios,
824 3375 950 3466 inquit,
969 3372 1193 3468 stimulisque,
1214 3378 1388 3470 minisque3

380 3492 538 3581 llle'ibit,
560 3496 669 3564 minus
689 3497 759 3588 ipse
776 3492 867 3562 voles
886 3520 926 3562 :n
947 3497 995 3565 sic
1011 3498 1107 3591 ignea
1125 3495 1197 3566 lora

380 3617 494 3703 Quum
512 3615 625 3701 daret,
644 3630 677 3683 et
692 3614 811 3710 rapido
826 3613 885 3684 Sol
900 3629 1017 3685 natum
1035 3619 1225 3713 imponeret
1243 3622 1315 3706 axi,

380 3734 590 3803 Gaudentem
609 3734 795 3831 lacrymans
814 3753 904 3806 astra
921 3735 1081 3807 insidiosa
1097 3737 1256 3830 docebat,

380 3852 604 3948 Nolentesque
623 3859 685 3924 teri
705 3881 823 3942 zonas,
844 3857 1055 3952 mediamque
1073 3857 1230 3954 polorum

380 3975 588 4069 Temperiem
610 4002 616 4042 :
637 3977 710 4070 pius
729 3976 783 4047 ille
801 3975 949 4072 quidem,
966 3994 1000 4048 et
1017 3978 1196 4052 formidine
1212 3996 1328 4067 cauta;
