2934 4950
329 447 388 506 236
629 444 845 502 tenesmos
865 443 980 502 uren
997 438 1073 502 xus
1263 451 1310 511 (v.
1334 450 1405 512 165.)

327 580 429 669 Isque
446 573 504 644 ubi
523 587 614 642 mota
630 597 720 643 novo
737 573 867 668 stupuit
884 569 959 640 loca
979 569 1049 642 sola
1063 569 1228 659 tumultu,

328 696 589 789 Femineumque
609 717 762 790 gregem,
779 717 855 787 quae
868 695 938 788 jam
956 717 1059 788 super
1076 695 1212 788 agmina
1228 696 1379 763 Lernae

299 825 302 829 ’
328 815 409 889 Sola
425 815 532 905 videt,
552 840 621 885 non
638 813 694 884 ille
707 801 800 897 iriam
816 837 998 908 causasque
1016 815 1174 909 requirit,

327 941 463 1036 Quippe
483 952 613 1033 patent3
630 951 750 1007 moesto
766 935 825 1007 sed
844 937 893 1006 sic
910 937 1003 1031 prior
1018 951 1233 1031 occupatore

327 1093 345 1128 α
356 1062 435 1153 Quo
451 1062 595 1148 miserae,
611 1085 679 1155 quo
696 1059 789 1128 fertis
805 1057 890 1128 iter?
906 1059 1052 1129 funusne
1068 1061 1230 1154 peremtis

327 1182 496 1280 speratis,
514 1183 726 1274 cineremque
744 1179 848 1249 uiris?
868 1193 935 1249 stat
951 1179 1092 1276 pervigil
1114 1179 1182 1249 illic

329 1306 539 1378 Umbremm,
550 1318 661 1374 custos
671 1355 681 1391 ,
692 1303 941 1396 inhumataque
956 1326 1098 1396 corpora
1114 1303 1184 1397 regi

246 1453 253 1464 ·
327 1431 562 1499 Annumerat·:
583 1451 747 1520 nusquam
764 1423 930 1518 lacrymae,
950 1422 1067 1519 procul
1087 1449 1190 1518 usque
1207 1424 1330 1520 lingati

327 1553 488 1621 decessus
504 1548 680 1618 hominum
699 1572 707 1614 :
727 1544 806 1615 solis
824 1545 1008 1640 avibusque
1026 1539 1170 1639 ferisque

328 1673 382 1739 Ire
401 1666 505 1738 licete
525 1667 688 1738 vestrisne
702 1670 814 1737 Creon
834 1665 927 1735 debit
938 1672 1052 1761 aequus
1068 1667 1232 1737 honorem

329 1789 512 1860 Luctibus?
529 1790 675 1858 immites
692 1789 790 1857 citius
808 1786 981 1858 Busiridos
998 1784 1106 1876 aras,

331 1911 532 2005 Odrysiique
551 1910 672 1979 famem
689 1909 831 1999 stabuli,
852 1910 1048 2004 Siculosque
1066 1911 1179 1981 licebit

329 2037 477 2104 Exorare
494 2035 607 2103 Deos:
626 2031 733 2125 rapiet
750 2027 891 2132 fortasse
909 2049 1082 2127 precantes

276 2172 279 2178 ·
329 2155 381 2250 (Si
399 2177 492 2223 mens
511 2167 591 2223 nota
610 2151 726 2248 mihi),
744 2177 805 2221 nec
825 2152 1027 2249 conjugialia
1044 2177 1147 2250 supra

332 2280 484 2364 Funere,
503 2274 560 2344 sed
579 2274 663 2343 caris
683 2271 783 2368 longe
802 2274 962 2344 mactabit
979 2274 1022 2344 ab
1041 2275 1180 2345 umbris.

329 2399 422 2490 Quin
439 2396 569 2494 lugitis,
585 2396 665 2466 dum
685 2411 760 2466 tuta
779 2399 833 2466 vis
848 2413 916 2486 est,
936 2401 1147 2494 Lernamque
1162 2423 1309 2470 reversae

329 2520 495 2607 Nomina,
518 2518 611 2614 quod
628 2496 795 2614 superest,
813 2520 926 2589 vacuis
943 2518 1030 2589 datie
1049 2521 1132 2590 orba
1148 2520 1331 2619 sepulcris,

329 2641 559 2735 Absentesque
576 2642 705 2709 animas
721 2640 763 2710 ad
784 2642 896 2710 inania
914 2640 1013 2709 busta
1030 2642 1179 2711 vocaus?

328 2770 397 2834 Aut
417 2788 476 2832 vos
494 2764 690 2857 Cecropiam
709 2762 833 2858 (prope
853 2786 998 2857 namque
1017 2778 1050 2833 et
1070 2765 1198 2835 Thesea
1214 2764 1309 2835 lama
1328 2783 1380 2836 est

327 2884 628 2954 Thermodontiaco
648 2884 759 2954 laetum
777 2908 924 2954 remeare
939 2884 1128 2981 triumpho)

327 3003 516 3101 imploratis
533 3005 656 3102 opem?
672 3005 760 3075 hello
777 3006 949 3100 cogendus
964 3022 998 3075 et
1019 3008 1122 3075 armis

328 3113 366 3197 ln
383 3134 492 3199 mores
509 3129 749 3223 hominemque
765 3130 914 3198 Creon.»
931 3129 986 3198 Sic
1003 3127 1111 3216 fatus,
1130 3142 1166 3198 at
1185 3127 1251 3198 illis

326 3254 535 3320 Horruerant
555 3250 726 3344 lacrymae,
743 3252 937 3345 stupuitque
956 3252 1110 3319 immanis
1124 3251 1226 3320 eundi

329 3376 497 3466 Impetus,
516 3387 616 3466 atque
636 3396 705 3441 uno
723 3370 834 3441 vultus
851 3369 978 3466 pallore
997 3372 1114 3441 notati.
1129 3415 1132 3419 ·

374 3496 452 3566 Non
473 3516 565 3565 secus
581 3493 708 3563 afflavit
722 3492 842 3563 molles
856 3496 885 3562 si
899 3493 1038 3588 quando·
1053 3495 1215 3588 juvencas

326 3615 475 3711 Tigridis
496 3620 657 3711 Hyrcanae
673 3617 826 3711 jejunum
848 3640 1012 3704 murmur,
1029 3632 1064 3686 et
1082 3618 1155 3712 ipsc

326 3737 451 3807 Auditu
470 3738 626 3808 turbatur
643 3762 736 3834 ager3
757 3740 858 3807 timor
873 3725 1030 3807 omnihus
1047 3742 1186 3835 ingens,

326 3860 410 3948 Quae
429 3858 576 3955 placent,
594 3884 679 3954 quos
698 3852 755 3928 illa
774 3858 1067 3929 famesdescendat
1088 3862 1123 3929 in
1145 3885 1265 3930 armos.

375 3982 546 4050 Continuo
560 3982 689 4051 ‘discors
706 3983 800 4050 vario
816 3984 979 4051 sententia
1000 3998 1095 4051 motu

327 4102 522 4174 Scinditur:
543 4105 594 4174 his
610 4104 759 4192 Thebas,
779 4103 1010 4199 tumidumque
1025 4107 1152 4175 ambire
1172 4110 1336 4193 Creonta,
