2934 4950
351 391 390 468 ,e
712 393 742 445 r.
763 390 885 448 rusur
907 373 1030 448 srarh
1319 391 1370 453 (v-
1389 393 1457 454 δι.)

350 516 503 592 Reddere
522 543 530 585 τ
550 517 596 585 sic
614 530 703 586 oerte
721 517 870 605 cineres,
889 515 1110 617 umbramque
1130 517 1276 608 priorem

350 641 482 728 Quaeris
500 637 629 724 adhuc;
646 638 694 706 sic
712 638 883 738 exsequias
900 634 1052 732 amplexa
1067 637 1181 734 canori

350 761 532 854 Conjugis,
551 760 701 854 ingentes
718 758 819 827 iteras
837 757 879 826 de
898 772 1031 853 pectore
1048 755 1220 852 planctus,

349 883 424 948 Jam
442 904 516 948 mea
532 905 542 974 ‚³
560 903 621 949 nec
638 879 743 974 pietas
763 875 893 947 aliaest
911 879 991 967 tihi,
1010 901 1157 972 curaque
1175 892 1260 947 natae
1278 905 1290 946 ε

350 1000 459 1068 Sicut
475 1013 582 1068 mater
598 966 714 1087 amasi
727 998 774 1067 sio
789 1022 962 1092 nunquam
981 997 1081 1068 corde
1096 994 1220 1066 recedit
1253 1040 1257 1048 ·

350 1122 439 1191 Nata
455 1135 533 1206 tuo;
550 1117 716 1213 fixamque
733 1119 834 1188 animi
852 1115 1077 1212 penetralibus
1096 1119 1170 1188 imis

350 1243 477 1329 Nocte,
494 1240 615 1335 dieque
631 1255 725 1310 tenes
745 1218 842 1322 lnon
861 1239 907 1308 sic
922 1239 1099 1310 Trachinia
1116 1238 1210 1308 nidos

350 1360 498 1458 Alcyone
515 1386 630 1450 veros,
647 1386 716 1431 non
734 1362 782 1430 sic
797 1358 980 1429 Philomela
996 1373 1132 1454 penates

351 1482 482 1552 Circuit
496 1480 715 1577 amplectens,
732 1482 943 1574 animamque
961 1481 996 1548 in
1012 1481 1153 1574 pignora
1169 1481 1361 1552 transfert.

350 1605 394 1672 Et
408 1625 498 1671 nunc
518 1599 575 1670 illa
591 1603 672 1671 terit
691 1600 795 1669 viduo
812 1598 902 1695 quod
923 1597 994 1669 sola
1010 1599 1130 1688 cubili,
1148 1573 1156 1595 ι

351 1723 430 1791 Otia
445 1739 516 1790 tarn
531 1720 680 1815 pulchre
696 1722 774 1789 terit
791 1718 969 1790 infecunda
982 1721 1127 1814 juventae
1145 1748 1152 1789 :

349 1841 414 1910 Sed
434 1841 569 1910 venient
584 1838 710 1935 plenis,
729 1841 864 1910 venient
881 1839 1068 1928 connubia,
1086 1842 1188 1912 taedis.

318 2058 320 2061 Ι
351 1963 405 2031 Sic
423 1975 531 2047 certe,
547 1960 728 2055 formaeque
743 1959 858 2050 honis,
876 1962 1043 2055 animique
1062 1979 1230 2033 meretur:

351 2081 432 2158 Sive,
444 2079 563 2175 chelyn
577 2080 749 2176 complexa
764 2080 861 2170 ferit,
877 2107 935 2150 seu
953 2106 1033 2152 voce
1050 2097 1187 2178 paterna

345 2199 554 2272 'Discendum
571 2205 678 2272 Musis
696 2219 812 2292 sonat,
832 2217 865 2272 et
883 2229 954 2272 mea
972 2207 1120 2274 carmina
1138 2185 1261 2294 flectit3

350 2322 501 2393 Candida
519 2347 577 2428 geu
594 2320 687 2390 molli
704 2321 833 2392 diducit
849 2323 984 2393 brachia
1002 2338 1114 2413 motu;
1180 2353 1184 2366 ·

349 2445 525 2541 Ingenium
544 2445 711 2540 probitas,
732 2458 904 2540 artemque
925 2444 1085 2517 modestia
1101 2449 1211 2519 vincit

397 2566 517 2637 Nonne
534 2564 622 2635 leves
640 2589 780 2659 pueros,
797 2592 865 2635 non
881 2582 930 2654 te,
948 2568 1128 2662 Cytherea,
1142 2569 1291 2663 pudebat

348 2689 423 2754 Hoc
438 2710 565 2755 cessare
581 2685 706 2755 decus?
727 2685 798 2756 Nec
817 2701 947 2757 tantum
967 2690 1075 2757 Roma
1091 2689 1219 2785 jugales

349 2804 534 2875 Concilium
553 2821 662 2893 toros,
679 2806 845 2900 festasque
865 2806 1044 2878 accendere
1060 2810 1158 2879 taedas

347 2925 498 3014 Fertilis3
515 2941 551 2995 et
566 2943 680 2995 nostra
695 2928 808 3021 generi
824 2924 942 2995 tellure
957 2926 1136 2998 dabuntur.

348 3048 426 3117 Non
443 3045 526 3116 adeo
546 3047 734 3118 Vesuvinus
750 3070 850 3139 apex,
868 3062 902 3115 et
919 3046 1070 3117 flammea
1087 3049 1151 3119 diri

347 3167 471 3235 Montis
487 3166 593 3235 hiems
608 3163 754 3259 trepidas
773 3166 924 3235 exhausit
941 3169 1070 3240 civibus
1086 3172 1185 3243 urbes
1204 3200 1212 3240 :

346 3287 461 3374 Stant,
479 3282 678 3379 populisque
697 3286 810 3380 vigent
825 3312 833 3354 ε
849 3286 903 3377 hic
917 3291 1051 3385 auspice
1067 3293 1199 3362 condita
1215 3296 1357 3370 Phoebo

345 3403 465 3492 Tecta,
483 3404 660 3475 Dicarchei
677 3419 814 3499 portus,
832 3421 866 3476 et
883 3406 982 3478 litora
1000 3410 1116 3529 murgii

345 3528 506 3621 Hospita;
523 3526 628 3595 ethic
646 3552 773 3622 magnae
792 3542 919 3599 tractus
935 3531 1100 3603 imitantia
1118 3538 1232 3606 Romae

344 3649 428 3736 Qua)
445 3650 553 3743 Capys
570 3646 717 3717 advectis
736 3648 888 3744 implevit
905 3654 1026 3723 moenia
1043 3658 1189 3727 Teucris.

342 3770 466 3839 Nostra
481 3793 614 3876 quoque
628 3769 718 3840 haud
736 3771 879 3866 propriis
893 3775 1023 3863 tenuis,
1044 3800 1105 3845 nco
1122 3803 1196 3848 rara
1211 3779 1348 3855 colonis

343 3890 573 3985 Parthenope3
590 3892 644 3958 cui
665 3893 745 3983 mite
763 3891 871 3961 solum
888 3908 978 3964 nans
996 3920 1128 3990 equora
1147 3914 1247 3971 vectae

344 4014 418 4104 lpse
436 4012 575 4081 Dionaea
591 4014 787 4082 monstravit
805 4012 924 4108 Apollo
943 4014 1108 4107 columba.

1269 2315 1302 2328 aa
