2934 4950
330 463 371 519 1n
391 465 421 518 e.
442 465 473 518 ι».
495 463 623 520 sruru
645 463 741 519 suv.
762 464 832 520 uus.
851 467 885 520 v.
1071 473 1129 546 περ

127 581 216 636 Gratis
228 577 314 651 resen
326 581 403 636 Selle
411 575 452 658 (v.
471 575 546 656 127).
561 603 574 629 «
588 578 674 634 Graia
686 579 761 635 Selle
770 591 812 636 est
826 581 921 654 Velia,
936 584 1066 640 Lucaniae
1076 606 1132 661 op-

89 675 194 748 pidum,
209 673 288 730 dicta
297 674 404 740 Gratis,
421 671 558 747 qnoniam
572 690 589 728 a
601 673 818 730 Pbooaeensibus
832 674 960 748 condita,
973 686 1047 733 teste
1053 679 1133 735 Stra·

90 767 173 838 bone,
192 767 244 823 lib.
267 786 314 836 vr,
337 765 400 821 init.
428 766 524 820 Latiis
543 764 657 820 edredo
679 768 801 834 colonis,
829 779 951 842 propter
973 771 1133 828 antitheton

88 862 169 917 Statio
189 861 376 917 adamatum:
392 860 475 935 qnasi
491 857 609 915 dixisset
621 857 696 915 Selle
713 878 730 915 a
748 860 852 916 Graecis
870 861 1003 934 condita,
1017 883 1032 920 a
1050 866 1132 922 Lati-

88 957 127 1010 nis
140 954 277 1011 habitata.
295 954 354 1025 Qni
374 952 411 1010 de
433 953 505 1009 Selle
528 951 558 1008 in
575 952 665 1027 Epiro
687 953 746 1008 baeo
764 951 1001 1028 interpretantur,
1020 969 1048 1013 et
1066 958 1134 1016 inde

88 1058 228 1104 arcessunt
252 1065 342 1124 genus
361 1045 475 1120 Papinii
496 1045 602 1120 patris,
617 1055 764 1120 nugantur
783 1066 790 1099 z
808 1048 946 1121 primum,
967 1050 1034 1124 quia
1056 1053 1133 1109 nulla

88 1142 136 1196 fuit
148 1143 221 1198 urbs
235 1159 271 1196 eo
283 1141 402 1196 nomine
423 1138 454 1195 in
472 1138 571 1212 Epiro.
585 1139 665 1194 Sellae
681 1139 756 1194 enim
771 1143 889 1214 populi,
912 1141 963 1216 qui
977 1153 1005 1198 et
1019 1144 1086 1200 Selli
1105 1157 1134 1202 et

88 1235 153 1292 Helii
171 1235 320 1305 dicuntur,
335 1242 493 1290 occurrunt
513 1231 592 1307 apud
603 1231 727 1288 Plinium
740 1245 768 1289 et
781 1233 950 1291 Strabonem
960 1258 969 1307 3
986 1236 1037 1292 aed
1055 1237 1133 1294 nulla

87 1329 149 1386 urbs
162 1330 248 1386 Selle.
260 1327 373 1384 Deinde
390 1325 541 1401 quomodo
557 1345 617 1382 esse
629 1327 726 1400 potuit
740 1327 842 1384 Sellius
859 1328 917 1385 sire
933 1330 1133 1404 Epirotasta„

87 1421 115 1476 tii
131 1432 222 1496 pater,
242 1439 333 1496 quum
348 1437 451 1494 snpra,
468 1439 496 1474 v.
515 1438 586 1493 119,
602 1419 709 1475 dixerit
731 1417 820 1491 filins,
833 1421 914 1478 illum
933 1428 1062 1484 sumsisse
1085 1445 1130 1486 to-

85 1534 146 1588 gam
155 1525 337 1590 praetextam
350 1522 380 1568 et
388 1512 498 1567 bullam
506 1515 650 1567 auream?
664 1532 729 1586 quae
738 1524 815 1568 certe
824 1512 982 1575 nobilitatis
990 1539 1130 1594 romanie,

88 1627 139 1663 non
152 1606 299 1684 epirotiooe
311 1605 434 1681 insignia
450 1605 577 1661 suerunt.
594 1607 713 1662 Necesse
726 1615 770 1662 est
777 1606 865 1682 igitur
878 1609 936 1666 tani
950 1612 1055 1669 Lilium
1068 1618 1131 1690 Gy-

87 1699 208 1771 rddnm,
233 1701 353 1773 Dialog.
377 1717 422 1768 tr,
440 1708 469 1754 et
487 1697 647 1756 Domitium
662 1698 846 1755 Calderinum
868 1713 896 1758 et
922 1716 1031 1762 eeteros
1054 1707 1131 1765 viros

87 1794 201 1865 doctos,
219 1794 272 1869 qui
290 1792 385 1854 Seuen
396 1793 444 1846 rei
457 1792 553 1848 Sellas
571 1791 759 1865 Epirotarum
776 1794 898 1867 patriam
917 1799 1027 1872 Papinii
1042 1803 1131 1875 patris

86 1898 257 1958 statuerunt,
270 1905 363 1962 quum
372 1883 585 1959 planevelinus
599 1885 656 1940 fuit
670 1884 707 1943 de
720 1896 833 1962 gente.»
845 1891 962 1946 tuus.
976 1894 1130 1962 Quaeidem
1145 1914 1148 1922 ·

86 1980 177 2053 adjicit
190 1981 228 2036 de
244 1979 327 2036 urbis
341 1977 430 2034 Veliae
449 1977 615 2033 nominibus
633 1978 734 2049 variis,
755 1998 789 2036 ea
805 1980 865 2052 jam
882 1983 982 2040 melius
989 1985 1132 2044 habentur

86 2073 113 2128 in
124 2076 270 2132 ldneuteri
287 2073 377 2130 docto
390 2072 489 2129 libello
510 2072 547 2128 de
562 2071 616 2128 buo
629 2073 701 2129 urbe
720 2093 727 2127 :
747 2075 830 2131 Velia
848 2078 878 2130 in
894 2079 1052 2152 becumen,
1067 2084 1131 2138 coll.

86 2167 232 2224 Kiddianis
248 2167 287 2223 ad
299 2168 411 2223 Dawes.
430 2164 516 2220 Mire.
522 2204 533 2232 ‚
549 2181 579 2239 p.
595 2183 661 2220 uro.

124 2275 301 2350 Graiusque
312 2291 416 2348 puppe
437 2272 575 2346 magiter
586 2268 624 2350 (v.
644 2290 696 2344 ¹²7
712 2271 779 2351 sq.).
798 2275 963 2332 Palinurum
977 2276 1061 2346 dicit,
1081 2281 1131 2353 qui

85 2387 171 2444 prope
184 2368 297 2424 Veliam
310 2365 397 2422 undis
409 2364 554 2422 demersus
562 2409 571 2437 ,
580 2365 631 2422 ubi
643 2367 775 2422 Palmuri
774 2371 998 2442 promontorium
1005 2410 1015 2437 ,
1030 2382 1131 2426 notum

86 2482 119 2519 ex
134 2461 266 2541 Virgilio.
283 2461 343 2517 Sed
362 2459 506 2516 edendum
526 2470 586 2517 erat
599 2459 758 2535 Phrygius,
772 2480 833 2517 non
853 2462 972 2533 Graius,
992 2482 1007 2520 e
1023 2463 1130 2522 Heinsii

87 2556 160 2627 cod,
175 2554 323 2627 Parisino,
339 2551 478 2629 tthedig„
494 2563 524 2609 et
536 2552 581 2611 ed
600 2573 645 2628 pr.
659 2555 693 2609 V.
707 2555 827 2609 Munna.

123 2666 221 2720 Maon
242 2675 272 2719 et
288 2662 355 2717 uide
371 2680 454 2715 suum
468 2656 507 2738 (v.
526 2678 581 2734 129
597 2655 683 2739 sqq.).
702 2658 825 2735 Egregie
838 2660 925 2733 hujus
938 2662 995 2717 loci
1015 2674 1130 2719 senten-

88 2758 150 2815 tiam
168 2754 316 2835 perspexit
334 2754 455 2824 Markl,
469 2753 564 2810 minus
583 2751 660 2809 felici
675 2770 807 2809 successu
824 2754 999 2810 sanationem
1014 2774 1130 2832 aggres-

88 2855 138 2907 sns'
153 2852 273 2907 Necesse
291 2848 367 2904 enim
382 2858 470 2903 estut
485 2848 544 2919 jam
563 2846 706 2922 probetur
725 2844 797 2901 illud
816 2846 978 2921 ambiguum
993 2860 1131 2904 certamen

86 2948 204 3021 gernr'noe
221 2955 306 3000 teme
323 2963 333 2995 .·
350 2960 404 2998 nec
428 2959 496 2998 sane
514 2940 575 2996 alite
593 2958 653 2997 esse
670 2950 791 3014 possunt
807 2956 895 3013 quam
913 2940 994 2996 Velia
1014 2950 1042 2996 et
1056 2943 1131 2997 Nea-

87 3038 165 3111 polis
186 3036 323 3095 Similiter
342 3034 380 3091 de
396 3033 516 3091 Homeri
532 3032 626 3107 patria
639 3042 817 3089 certaverant
837 3050 932 3109 graeoae
946 3033 1032 3090 urbes
1046 3054 1053 3089 ι
1068 3052 1132 3109 quae

88 3130 234 3208 benignior
248 3129 341 3187 Statio
358 3128 490 3198 materia,
506 3146 592 3203 quam
606 3136 640 3183 ut
651 3145 713 3182 nno
729 3127 856 3183 alterove
867 3144 954 3183 versu
973 3144 1005 3183 eu
1025 3127 1131 3184 defun-

88 3235 205 3300 geretur.
226 3225 339 3281 Desnnt
357 3222 447 3299 igitur
475 3221 584 3295 aliqua,
605 3238 733 3295 quonum
750 3218 1047 3276 convenientissimum
1066 3220 1133 3275 huic
1249 3254 1252 3262 ·

88 3317 226 3374 sententia
237 3315 414 3392 principium
422 3314 493 3372 dant
507 3313 573 3370 eod.
587 3313 710 3389 Rhedig.
726 3324 756 3370 et
768 3312 854 3370 Paris.
873 3332 890 3369 a
909 3330 962 3369 see.
977 3331 1077 3383 manu,
1087 3314 1134 3368 cui

89 3410 221 3483 majorem
244 3428 305 3467 esse
321 3407 409 3465 fidem
428 3407 590 3464 habendam
608 3423 696 3482 qnam
713 3406 769 3482 ipsi
788 3406 875 3479 hujus
894 3405 1001 3463 codicis
1025 3405 1133 3477 textui,

89 3502 165 3559 facile
179 3504 419 3575 dnomtrarexn,
432 3500 457 3557 si
468 3500 501 3557 id
517 3519 595 3557 nnnc
608 3509 756 3576 ageretur:
766 3517 832 3555 uam
842 3499 977 3555 collatum
997 3515 1056 3553 esse
1068 3516 1133 3552 cum

90 3598 247 3673 antiquiore
263 3598 342 3652 hunc
355 3595 484 3652 codicem
498 3593 650 3652 certissima
667 3604 735 3649 sunt
751 3591 869 3662 indicia;
884 3593 914 3647 bi
932 3592 1040 3668 igitur:

231 3800 314 3865 ldejor
325 3808 350 3849 at
361 3798 419 3849 inde
430 3814 498 3848 snum
510 3799 582 3864 longo
589 3798 678 3866 probat
691 3796 776 3847 ordine
787 3795 854 3857 vitae3

90 3990 258 4064 sequebatur
272 3990 332 4047 sine
347 3989 439 4046 dubio
454 3991 653 4066 Parthenope,
672 3990 753 4066 quod
767 3990 798 4047 in
811 3988 954 4066 principio
972 3987 1057 4060 hujus
1066 4004 1134 4040 ver-

53 4167 55 4170 ·
90 4100 150 4149 sus,
177 4092 209 4138 nt
232 4082 325 4137 voluit
347 4082 468 4153 Mariti,
497 4103 556 4140 esse
582 4083 777 4142 oblitteratum
798 4083 882 4140 nimis
904 4080 1029 4138 absimile
1056 4098 1133 4135 vero.

216 4210 236 4249 l.
949 4208 990 4279 19
