2934 4950
310 397 349 454 88
672 395 701 448 Ρ.
725 393 848 448 PUBLII
871 391 994 448 STATII
1252 393 1306 455 (v.
1329 387 1425 450 171.l

309 525 523 592 Sauromatas
541 520 639 589 Latio
657 545 725 588 non
743 534 792 589 est
811 518 947 614 dignata
965 517 1147 612 triumpho.

306 649 448 737 Jamque
466 643 501 711 in
518 641 584 711 line
603 621 693 732 dies,
713 656 747 711 et
766 637 967 709 inexorabile
986 665 1125 734 pensum

306 761 438 835 Deficit.
458 764 522 832 Hic
541 767 648 833 moesti
666 764 770 858 pietas
789 787 841 830 me
860 761 967 856 poscit
984 761 1115 829 Etrusci

307 877 431 976 Qualia
449 911 509 954 nec
527 883 646 954 Siculae
665 883 882 954 moderantur
899 881 1047 950 carmina
1065 905 1184 976 rupes,

307 1009 381 1078 Nec
399 1005 459 1075 fati
474 1006 543 1099 jam
563 1019 673 1074 certus
692 1004 783 1093 olor,
803 1004 945 1098 saevique
964 1003 1083 1072 marita

307 1130 438 1198 Tereos.
459 1133 533 1198 Heu
552 1127 685 1223 quantis
703 1125 880 1196 lassantem
898 1124 1035 1194 brachia
1054 1124 1123 1194 vidi

307 1248 521 1336 Planctihus‚
540 1264 574 1319 et
591 1274 699 1344 prono
718 1247 828 1317 susum
848 1271 948 1343 super
966 1244 1078 1316 oscula
1096 1242 1210 1316 vultu!

307 1373 374 1443 Vix
393 1370 527 1456 famuli,
546 1372 748 1464 comitesque
767 1384 898 1457 tenent,
918 1368 974 1436 vix
991 1365 1116 1436 arduus
1135 1367 1220 1461 ignis

308 1495 501 1565 Submovet
521 1487 622 1561 Haud
640 1491 737 1561 aliter
754 1491 881 1585 gemuit
899 1489 1046 1586 perjuria
1064 1489 1208 1558 Theseus

307 1616 423 1685 Litore
440 1639 508 1708 quo
527 1612 614 1682 falsis
633 1611 807 1708 deceperat
825 1614 926 1707 AEgea
944 1609 1035 1680 valis.

356 1738 453 1804 Tunc
471 1735 616 1803 immane
634 1757 786 1828 gemens,
806 1731 1011 1826 foedatusque
1029 1755 1107 1818 ora,
1127 1745 1281 1826 tepentes

308 1854 440 1926 Affatur
457 1856 582 1925 cineres
601 1881 610 1923 ε
630 1858 729 1926 «Cur
748 1879 827 1941 nos,
845 1852 1020 1942 fidissime,
1040 1851 1162 1946 linquis

308 1979 458 2046 Fortuna
476 1974 653 2064 redeunte,
673 1975 789 2071 pater?
808 1973 909 2045 modo
927 1975 1066 2043 numina
1084 1975 1197 2068 magni

309 2095 481 2182 praesidis,
500 2109 600 2190 atque
618 2097 734 2166 breves
753 2099 919 2191 Superum
938 2096 1131 2191 pacavimus
1150 2089 1235 2181 iras,

309 2221 381 2290 Nec
399 2218 539 2304 frueris;
559 2218 710 2313 tantique
728 2220 865 2289 orbatus
884 2219 1031 2287 muneris
1049 2242 1112 2286 usu

310 2339 366 2410 Ad
384 2365 519 2428 manes,
538 2342 687 2436 ingrate,
705 2340 792 2436 fugis
808 2369 816 2412 :
834 2365 894 2411 nec
913 2339 1045 2410 flectere
1061 2343 1201 2429 Parcas,

310 2464 381 2533 Aut
398 2460 530 2558 placare
549 2462 643 2533 malae
662 2462 762 2533 datur
780 2488 897 2558 aspera
916 2463 1053 2532 numina
1071 2459 1213 2533 Lethes?

310 2584 422 2675 Felix,
440 2587 495 2655 cui
513 2610 636 2681 magna
653 2600 784 2681 patrem
803 2586 928 2655 cervice
945 2584 1079 2655 vehenti
1171 2598 1173 2603 '

310 2711 412 2780 Sacra
428 2711 604 2802 Mycenaeae
622 2710 731 2802 patuit
750 2709 935 2777 reverentia
953 2704 1111 2775 flamma!

310 2830 445 2923 Quique
464 2844 558 2898 tener
575 2830 678 2897 saevis·
687 2830 871 2923 genitorem
892 2828 1004 2923 Scipio
1022 2829 1133 2896 Poenis

310 2948 478 3038 Abstulit,
497 2965 531 3019 et
547 2934 634 3044 Lydi
653 2950 757 3043 pietas
777 2948 951 3018 temeraria
969 2945 1090 3018 Lausi!

310 3075 400 3167 Ergo
418 3085 453 3141 et
469 3068 648 3141 Thessalici
667 3070 790 3162 conjux
808 3094 947 3164 pensare
965 3070 1077 3139 mariti

311 3194 444 3279 Funus,
463 3205 497 3261 et
515 3190 677 3260 immitem
694 3191 807 3286 potuit
825 3190 927 3285 Styga
943 3192 1074 3261 vincere
1092 3191 1234 3287 supplex

296 3313 494 3386 Thracius?
511 3310 574 3385 ahl
594 3328 721 3408 quanto
739 3311 858 3385 melius
876 3341 939 3410 pro
957 3330 1052 3410 patre
1070 3313 1201 3387 liceret!
1219 3317 1220 3325 ’

312 3440 391 3510 Non
410 3451 499 3508 totus
517 3438 647 3533 rapiere
666 3452 796 3520 tamen,
816 3439 1010 3509 necionem
1030 3439 1160 3509 mittam

312 3560 461 3655 longius
480 3586 489 3629 ε
509 3560 563 3628 hic
583 3584 716 3650 manes,
736 3561 790 3631 hic
808 3564 895 3631 intra
915 3576 999 3631 tecta
1018 3563 1146 3633 tenebo.

312 3684 365 3751 Tu
383 3693 512 3767 custos,
531 3679 753 3776 dominusque
769 3674 869 3769 laris;
887 3682 948 3750 tibi
966 3698 1086 3753 cuncta
1106 3698 1240 3753 tuorum

312 3803 481 3873 Parebunt
500 3829 508 3871 :
528 3828 591 3897 ego
609 3803 673 3872 rite
690 3804 818 3889 minor,
837 3828 1031 3898 semperque
1048 3802 1213 3873 secundus

313 3924 469 3996 Assiduae
487 3924 600 3994 libabo
619 3923 719 4019 dapes
737 3938 770 3993 et
788 3923 908 4018 pocula
926 3926 1027 3994 sacris

314 4048 486 4138 Manibus,
504 4046 694 4141 effigiesque
710 4044 816 4115 oolam
839 4060 895 4120 :te
914 4047 1024 4119 lucida
1041 4073 1134 4136 saxa,
