<?xml version="1.0" encoding="UTF-8"?>
<!DOCTYPE html PUBLIC "-//W3C//DTD XHTML 1.0 Transitional//EN"
    "http://www.w3.org/TR/xhtml1/DTD/xhtml1-transitional.dtd">
<html xmlns="http://www.w3.org/1999/xhtml" xml:lang="en" lang="en">
 <head>
  <title>
</title>
<meta http-equiv="Content-Type" content="text/html;charset=utf-8" />
  <meta name='ocr-system' content='tesseract 3.04.00' />
  <meta name='ocr-capabilities' content='ocr_page ocr_carea ocr_par ocr_line ocrx_word'/>
</head>
<body>
  <div class='ocr_page' id='page_1' title='image "./operaquaeextant01dbgoog_0574.png"; bbox 0 0 2934 4950; ppageno 0'>
   <div class='ocr_carea' id='block_1_1' title="bbox 103 469 1157 552">
    <p class='ocr_par' dir='ltr' id='par_1_1' title="bbox 103 469 1157 552">
     <span class='ocr_line' id='line_1_1' title="bbox 103 469 1157 552; baseline 0.016 -33"><span class='ocrx_word' id='word_1_1' title='bbox 103 475 140 536; x_wconf 79' lang='lat' dir='ltr'><strong>(v.</strong></span> <span class='ocrx_word' id='word_1_2' title='bbox 159 473 230 536; x_wconf 69' lang='lat'><strong>⁴7⁵1)</strong></span> <span class='ocrx_word' id='word_1_3' title='bbox 416 469 630 538; x_wconf 67' lang='lat' dir='ltr'><strong>Tusnnmgos</strong></span> <span class='ocrx_word' id='word_1_4' title='bbox 651 469 762 530; x_wconf 81' lang='lat' dir='ltr'>LIBER</span> <span class='ocrx_word' id='word_1_5' title='bbox 783 475 848 530; x_wconf 79' lang='lat' dir='ltr'><strong>XII.</strong></span> <span class='ocrx_word' id='word_1_6' title='bbox 1102 489 1157 552; x_wconf 71' lang='lat'><strong>²47</strong></span> 
     </span>
    </p>
   </div>
   <div class='ocr_carea' id='block_1_2' title="bbox 69 597 1160 4234">
    <p class='ocr_par' dir='ltr' id='par_1_2' title="bbox 69 597 1134 699">
     <span class='ocr_line' id='line_1_2' title="bbox 69 597 1134 699; baseline 0.003 -28"><span class='ocrx_word' id='word_1_7' title='bbox 69 604 76 612; x_wconf 82' lang='lat'>&#39;</span> <span class='ocrx_word' id='word_1_8' title='bbox 101 604 242 671; x_wconf 85' lang='lat' dir='ltr'><strong>Cuncta</strong></span> <span class='ocrx_word' id='word_1_9' title='bbox 259 597 402 688; x_wconf 85' lang='lat' dir='ltr'><strong>docens,</strong></span> <span class='ocrx_word' id='word_1_10' title='bbox 417 621 484 692; x_wconf 87' lang='lat' dir='ltr'><strong>qua</strong></span> <span class='ocrx_word' id='word_1_11' title='bbox 502 613 601 694; x_wconf 88' lang='lat' dir='ltr'><strong>gente</strong></span> <span class='ocrx_word' id='word_1_12' title='bbox 617 615 712 689; x_wconf 78' lang='lat' dir='ltr'><strong>satae,</strong></span> <span class='ocrx_word' id='word_1_13' title='bbox 731 623 806 696; x_wconf 76' lang='lat' dir='ltr'><strong>quse</strong></span> <span class='ocrx_word' id='word_1_14' title='bbox 820 601 938 672; x_wconf 83' lang='lat' dir='ltr'><strong>limera</strong></span> <span class='ocrx_word' id='word_1_15' title='bbox 954 601 1134 699; x_wconf 77' lang='lat' dir='ltr'>plangant,</span> 
     </span>
    </p>

    <p class='ocr_par' dir='ltr' id='par_1_3' title="bbox 102 707 967 820">
     <span class='ocr_line' id='line_1_3' title="bbox 102 707 967 820; baseline 0.005 -30"><span class='ocrx_word' id='word_1_16' title='bbox 102 720 246 812; x_wconf 85' lang='lat' dir='ltr'><strong>Quidve</strong></span> <span class='ocrx_word' id='word_1_17' title='bbox 263 733 378 816; x_wconf 88' lang='lat' dir='ltr'><strong>petant</strong></span> <span class='ocrx_word' id='word_1_18' title='bbox 395 745 403 789; x_wconf 73' lang='grc' dir='ltr'><strong>ε</strong></span> <span class='ocrx_word' id='word_1_19' title='bbox 422 721 524 789; x_wconf 86' lang='lat' dir='ltr'><strong>variis</strong></span> <span class='ocrx_word' id='word_1_20' title='bbox 540 745 604 790; x_wconf 92' lang='lat' dir='ltr'><strong>nec</strong></span> <span class='ocrx_word' id='word_1_21' title='bbox 621 747 691 790; x_wconf 91' lang='lat' dir='ltr'><strong>non</strong></span> <span class='ocrx_word' id='word_1_22' title='bbox 706 707 867 793; x_wconf 80' lang='lat' dir='ltr'><strong>affatibus</strong></span> <span class='ocrx_word' id='word_1_23' title='bbox 887 725 967 820; x_wconf 75' lang='lat' dir='ltr'><strong>ipsae</strong></span> 
     </span>
    </p>

    <p class='ocr_par' dir='ltr' id='par_1_4' title="bbox 102 840 893 941">
     <span class='ocr_line' id='line_1_4' title="bbox 102 840 893 941; baseline 0 -26"><span class='ocrx_word' id='word_1_24' title='bbox 102 845 257 941; x_wconf 81' lang='lat' dir='ltr'><strong>Ogygias</strong></span> <span class='ocrx_word' id='word_1_25' title='bbox 275 840 384 939; x_wconf 90' lang='lat' dir='ltr'><strong>leges,</strong></span> <span class='ocrx_word' id='word_1_26' title='bbox 404 842 727 938; x_wconf 86' lang='lat' dir='ltr'><strong>immansuetumque</strong></span> <span class='ocrx_word' id='word_1_27' title='bbox 744 848 893 916; x_wconf 79' lang='lat' dir='ltr'><strong>Creonta</strong></span> 
     </span>
    </p>

    <p class='ocr_par' dir='ltr' id='par_1_5' title="bbox 102 963 1160 1063">
     <span class='ocr_line' id='line_1_5' title="bbox 102 963 1160 1063; baseline 0.006 -29"><span class='ocrx_word' id='word_1_28' title='bbox 102 963 258 1035; x_wconf 90' lang='lat' dir='ltr'><strong>Multum</strong></span> <span class='ocrx_word' id='word_1_29' title='bbox 273 979 307 1034; x_wconf 91' lang='lat' dir='ltr'><strong>et</strong></span> <span class='ocrx_word' id='word_1_30' title='bbox 320 966 444 1059; x_wconf 83' lang='lat' dir='ltr'><strong>ubique</strong></span> <span class='ocrx_word' id='word_1_31' title='bbox 463 963 619 1036; x_wconf 82' lang='lat' dir='ltr'><strong>fremunt.</strong></span> <span class='ocrx_word' id='word_1_32' title='bbox 634 967 761 1038; x_wconf 84' lang='lat' dir='ltr'><strong>Geticae</strong></span> <span class='ocrx_word' id='word_1_33' title='bbox 774 992 842 1038; x_wconf 90' lang='lat' dir='ltr'><strong>non</strong></span> <span class='ocrx_word' id='word_1_34' title='bbox 859 967 956 1063; x_wconf 87' lang='lat' dir='ltr'><strong>plura</strong></span> <span class='ocrx_word' id='word_1_35' title='bbox 970 985 1160 1063; x_wconf 86' lang='lat' dir='ltr'><strong>queruntur</strong></span> 
     </span>
    </p>

    <p class='ocr_par' dir='ltr' id='par_1_6' title="bbox 103 1087 916 1182">
     <span class='ocr_line' id='line_1_6' title="bbox 103 1087 916 1182; baseline 0.005 -26"><span class='ocrx_word' id='word_1_36' title='bbox 103 1087 307 1182; x_wconf 86' lang='lat' dir='ltr'><strong>Hospitibus</strong></span> <span class='ocrx_word' id='word_1_37' title='bbox 324 1088 419 1157; x_wconf 84' lang='lat' dir='ltr'><strong>tectis</strong></span> <span class='ocrx_word' id='word_1_38' title='bbox 436 1100 563 1157; x_wconf 89' lang='lat' dir='ltr'><strong>trunco</strong></span> <span class='ocrx_word' id='word_1_39' title='bbox 574 1111 729 1159; x_wconf 77' lang='lat' dir='ltr'>sermone</span> <span class='ocrx_word' id='word_1_40' title='bbox 746 1088 916 1179; x_wconf 78' lang='lat' dir='ltr'><strong>volucres,</strong></span> 
     </span>
    </p>

    <p class='ocr_par' dir='ltr' id='par_1_7' title="bbox 104 1207 1106 1430">
     <span class='ocr_line' id='line_1_7' title="bbox 104 1207 1106 1327; baseline 0.003 -48"><span class='ocrx_word' id='word_1_41' title='bbox 104 1213 227 1301; x_wconf 88' lang='lat' dir='ltr'><strong>Quum</strong></span> <span class='ocrx_word' id='word_1_42' title='bbox 245 1207 395 1305; x_wconf 80' lang='lat' dir='ltr'>duplices</span> <span class='ocrx_word' id='word_1_43' title='bbox 411 1207 592 1299; x_wconf 78' lang='lat' dir='ltr'><strong>thalamos,</strong></span> <span class='ocrx_word' id='word_1_44' title='bbox 608 1225 641 1280; x_wconf 89' lang='lat' dir='ltr'><strong>et</strong></span> <span class='ocrx_word' id='word_1_45' title='bbox 660 1213 814 1327; x_wconf 85' lang='lat' dir='ltr'><strong>iniquum</strong></span> <span class='ocrx_word' id='word_1_46' title='bbox 827 1215 933 1283; x_wconf 88' lang='lat' dir='ltr'><strong>Terea</strong></span> <span class='ocrx_word' id='word_1_47' title='bbox 950 1211 1106 1282; x_wconf 86' lang='lat' dir='ltr'><strong>clamant</strong></span> 
     </span>
     <span class='ocr_line' id='line_1_8' title="bbox 156 1303 928 1430; baseline 0.003 -30"><span class='ocrx_word' id='word_1_48' title='bbox 156 1330 251 1400; x_wconf 85' lang='lat' dir='ltr'>Urbe</span> <span class='ocrx_word' id='word_1_49' title='bbox 269 1330 334 1424; x_wconf 86' lang='lat' dir='ltr'><strong>fuit</strong></span> <span class='ocrx_word' id='word_1_50' title='bbox 348 1329 456 1401; x_wconf 85' lang='lat' dir='ltr'><strong>media</strong></span> <span class='ocrx_word' id='word_1_51' title='bbox 473 1328 557 1401; x_wconf 92' lang='lat' dir='ltr'><strong>nulli</strong></span> <span class='ocrx_word' id='word_1_52' title='bbox 575 1357 732 1414; x_wconf 76' lang='lat' dir='ltr'><strong>concessa</strong></span> <span class='ocrx_word' id='word_1_53' title='bbox 752 1303 928 1430; x_wconf 80' lang='lat' dir='ltr'><strong>potentiam</strong></span> 
     </span>
    </p>

    <p class='ocr_par' dir='ltr' id='par_1_8' title="bbox 104 1453 929 1548">
     <span class='ocr_line' id='line_1_9' title="bbox 104 1453 929 1548; baseline 0.004 -25"><span class='ocrx_word' id='word_1_54' title='bbox 104 1457 176 1523; x_wconf 81' lang='lat' dir='ltr'><strong>Ara</strong></span> <span class='ocrx_word' id='word_1_55' title='bbox 196 1455 332 1522; x_wconf 87' lang='lat' dir='ltr'><strong>Deum·</strong></span> <span class='ocrx_word' id='word_1_56' title='bbox 349 1453 440 1522; x_wconf 88' lang='lat' dir='ltr'><strong>mitis</strong></span> <span class='ocrx_word' id='word_1_57' title='bbox 458 1455 572 1548; x_wconf 78' lang='lat' dir='ltr'>posuit</span> <span class='ocrx_word' id='word_1_58' title='bbox 589 1453 778 1524; x_wconf 79' lang='lat' dir='ltr'><strong>Clementia</strong></span> <span class='ocrx_word' id='word_1_59' title='bbox 796 1456 929 1542; x_wconf 89' lang='lat' dir='ltr'><strong>sedem,</strong></span> 
     </span>
    </p>

    <p class='ocr_par' dir='ltr' id='par_1_9' title="bbox 104 1573 1027 1674">
     <span class='ocr_line' id='line_1_10' title="bbox 104 1573 1027 1674; baseline 0.002 -28"><span class='ocrx_word' id='word_1_60' title='bbox 104 1579 152 1646; x_wconf 88' lang='lat' dir='ltr'><strong>Et</strong></span> <span class='ocrx_word' id='word_1_61' title='bbox 169 1574 281 1644; x_wconf 89' lang='lat' dir='ltr'><strong>miseri</strong></span> <span class='ocrx_word' id='word_1_62' title='bbox 298 1573 407 1644; x_wconf 83' lang='lat' dir='ltr'><strong>fecere</strong></span> <span class='ocrx_word' id='word_1_63' title='bbox 424 1599 553 1646; x_wconf 85' lang='lat' dir='ltr'><strong>sacram</strong></span> <span class='ocrx_word' id='word_1_64' title='bbox 571 1601 579 1645; x_wconf 77' lang='grc' dir='ltr'><strong>ι</strong></span> <span class='ocrx_word' id='word_1_65' title='bbox 596 1578 668 1646; x_wconf 91' lang='lat' dir='ltr'><strong>sine</strong></span> <span class='ocrx_word' id='word_1_66' title='bbox 686 1577 836 1673; x_wconf 82' lang='lat' dir='ltr'><strong>supplice</strong></span> <span class='ocrx_word' id='word_1_67' title='bbox 852 1603 1027 1674; x_wconf 86' lang='lat' dir='ltr'><strong>nunquam</strong></span> 
     </span>
    </p>

    <p class='ocr_par' dir='ltr' id='par_1_10' title="bbox 104 1687 857 1795">
     <span class='ocr_line' id='line_1_11' title="bbox 104 1687 857 1795; baseline 0.011 -33"><span class='ocrx_word' id='word_1_68' title='bbox 104 1694 171 1766; x_wconf 89' lang='lat' dir='ltr'><strong>Illa</strong></span> <span class='ocrx_word' id='word_1_69' title='bbox 185 1719 275 1764; x_wconf 88' lang='lat' dir='ltr'><strong>noro</strong></span> <span class='ocrx_word' id='word_1_70' title='bbox 291 1693 408 1766; x_wconf 89' lang='lat' dir='ltr'><strong>:nulla</strong></span> <span class='ocrx_word' id='word_1_71' title='bbox 426 1696 600 1767; x_wconf 85' lang='lat' dir='ltr'><strong>damnavit</strong></span> <span class='ocrx_word' id='word_1_72' title='bbox 616 1713 695 1768; x_wconf 90' lang='lat' dir='ltr'><strong>vota</strong></span> <span class='ocrx_word' id='word_1_73' title='bbox 712 1687 857 1795; x_wconf 85' lang='lat' dir='ltr'><strong>repulsa.</strong></span> 
     </span>
    </p>

    <p class='ocr_par' dir='ltr' id='par_1_11' title="bbox 102 1817 987 1923">
     <span class='ocr_line' id='line_1_12' title="bbox 102 1817 987 1923; baseline 0.005 -34"><span class='ocrx_word' id='word_1_74' title='bbox 102 1817 243 1907; x_wconf 83' lang='lat' dir='ltr'><strong>Auditi,</strong></span> <span class='ocrx_word' id='word_1_75' title='bbox 262 1819 453 1923; x_wconf 79' lang='lat' dir='ltr'><strong>quicunque</strong></span> <span class='ocrx_word' id='word_1_76' title='bbox 470 1836 612 1916; x_wconf 90' lang='lat' dir='ltr'><strong>rogant;</strong></span> <span class='ocrx_word' id='word_1_77' title='bbox 629 1837 830 1916; x_wconf 82' lang='lat' dir='ltr'><strong>noctesque,</strong></span> <span class='ocrx_word' id='word_1_78' title='bbox 848 1822 987 1918; x_wconf 84' lang='lat' dir='ltr'>diesque</span> 
     </span>
    </p>

    <p class='ocr_par' dir='ltr' id='par_1_12' title="bbox 102 1938 936 2039">
     <span class='ocr_line' id='line_1_13' title="bbox 102 1938 936 2039; baseline 0.008 -31"><span class='ocrx_word' id='word_1_79' title='bbox 102 1943 162 2009; x_wconf 89' lang='lat' dir='ltr'><strong>Ire</strong></span> <span class='ocrx_word' id='word_1_80' title='bbox 181 1939 314 2028; x_wconf 89' lang='lat' dir='ltr'><strong>datum,</strong></span> <span class='ocrx_word' id='word_1_81' title='bbox 332 1955 367 2010; x_wconf 89' lang='lat' dir='ltr'><strong>et</strong></span> <span class='ocrx_word' id='word_1_82' title='bbox 384 1938 463 2010; x_wconf 86' lang='lat' dir='ltr'><strong>solis</strong></span> <span class='ocrx_word' id='word_1_83' title='bbox 485 1966 609 2012; x_wconf 90' lang='lat' dir='ltr'><strong>numen</strong></span> <span class='ocrx_word' id='word_1_84' title='bbox 627 1941 762 2037; x_wconf 84' lang='lat' dir='ltr'><strong>placare</strong></span> <span class='ocrx_word' id='word_1_85' title='bbox 780 1944 936 2039; x_wconf 78' lang='lat' dir='ltr'><strong>querelis.</strong></span> 
     </span>
    </p>

    <p class='ocr_par' dir='ltr' id='par_1_13' title="bbox 103 2063 1036 2156">
     <span class='ocr_line' id='line_1_14' title="bbox 103 2063 1036 2156; baseline 0.004 -24"><span class='ocrx_word' id='word_1_86' title='bbox 103 2067 213 2133; x_wconf 89' lang='lat' dir='ltr'><strong>Parca</strong></span> <span class='ocrx_word' id='word_1_87' title='bbox 232 2063 426 2156; x_wconf 85' lang='lat' dir='ltr'><strong>superstitio</strong></span> <span class='ocrx_word' id='word_1_88' title='bbox 443 2087 451 2131; x_wconf 79' lang='grc' dir='ltr'><strong>ι</strong></span> <span class='ocrx_word' id='word_1_89' title='bbox 468 2087 536 2132; x_wconf 91' lang='lat' dir='ltr'><strong>non</strong></span> <span class='ocrx_word' id='word_1_90' title='bbox 556 2063 676 2135; x_wconf 81' lang='lat' dir='ltr'><strong>thurea</strong></span> <span class='ocrx_word' id='word_1_91' title='bbox 694 2065 847 2155; x_wconf 86' lang='lat' dir='ltr'><strong>flamma,</strong></span> <span class='ocrx_word' id='word_1_92' title='bbox 864 2093 926 2137; x_wconf 89' lang='lat' dir='ltr'><strong>nec</strong></span> <span class='ocrx_word' id='word_1_93' title='bbox 947 2066 1036 2138; x_wconf 88' lang='lat' dir='ltr'><strong>altus</strong></span> 
     </span>
    </p>

    <p class='ocr_par' dir='ltr' id='par_1_14' title="bbox 103 2179 925 2280">
     <span class='ocr_line' id='line_1_15' title="bbox 103 2179 925 2280; baseline 0.006 -27"><span class='ocrx_word' id='word_1_94' title='bbox 103 2179 283 2278; x_wconf 84' lang='lat' dir='ltr'><strong>Accipitur</strong></span> <span class='ocrx_word' id='word_1_95' title='bbox 299 2183 451 2278; x_wconf 85' lang='lat' dir='ltr'><strong>sanguis,</strong></span> <span class='ocrx_word' id='word_1_96' title='bbox 471 2181 627 2280; x_wconf 86' lang='lat' dir='ltr'><strong>lacrymis</strong></span> <span class='ocrx_word' id='word_1_97' title='bbox 647 2185 769 2256; x_wconf 86' lang='lat' dir='ltr'><strong>altaria</strong></span> <span class='ocrx_word' id='word_1_98' title='bbox 787 2187 925 2274; x_wconf 89' lang='lat' dir='ltr'><strong>sudant,</strong></span> 
     </span>
    </p>

    <p class='ocr_par' dir='ltr' id='par_1_15' title="bbox 104 2303 968 2398">
     <span class='ocr_line' id='line_1_16' title="bbox 104 2303 968 2398; baseline 0.006 -24"><span class='ocrx_word' id='word_1_99' title='bbox 104 2308 370 2398; x_wconf 88' lang='lat' dir='ltr'><strong>Moestarumque</strong></span> <span class='ocrx_word' id='word_1_100' title='bbox 389 2329 489 2398; x_wconf 89' lang='lat' dir='ltr'><strong>super</strong></span> <span class='ocrx_word' id='word_1_101' title='bbox 507 2303 666 2376; x_wconf 86' lang='lat' dir='ltr'><strong>libamina</strong></span> <span class='ocrx_word' id='word_1_102' title='bbox 687 2323 777 2378; x_wconf 88' lang='lat' dir='ltr'><strong>serta</strong></span> <span class='ocrx_word' id='word_1_103' title='bbox 796 2332 968 2379; x_wconf 88' lang='lat' dir='ltr'><strong>comarum</strong></span> 
     </span>
    </p>

    <p class='ocr_par' dir='ltr' id='par_1_16' title="bbox 104 2425 861 2513">
     <span class='ocr_line' id='line_1_17' title="bbox 104 2425 861 2513; baseline 0.007 -18"><span class='ocrx_word' id='word_1_104' title='bbox 104 2425 277 2513; x_wconf 90' lang='lat' dir='ltr'><strong>Pendent,</strong></span> <span class='ocrx_word' id='word_1_105' title='bbox 297 2441 330 2496; x_wconf 90' lang='lat' dir='ltr'><strong>et</strong></span> <span class='ocrx_word' id='word_1_106' title='bbox 348 2442 455 2497; x_wconf 85' lang='lat' dir='ltr'><strong>restes</strong></span> <span class='ocrx_word' id='word_1_107' title='bbox 473 2441 603 2499; x_wconf 89' lang='lat' dir='ltr'><strong>mutata</strong></span> <span class='ocrx_word' id='word_1_108' title='bbox 621 2444 711 2499; x_wconf 85' lang='lat' dir='ltr'><strong>sorte</strong></span> <span class='ocrx_word' id='word_1_109' title='bbox 727 2428 861 2500; x_wconf 74' lang='lat' dir='ltr'><strong>relictae.</strong></span> 
     </span>
    </p>

    <p class='ocr_par' dir='ltr' id='par_1_17' title="bbox 104 2548 961 2646">
     <span class='ocr_line' id='line_1_18' title="bbox 104 2548 961 2646; baseline 0.002 -26"><span class='ocrx_word' id='word_1_110' title='bbox 104 2551 193 2620; x_wconf 88' lang='lat' dir='ltr'><strong>Mite</strong></span> <span class='ocrx_word' id='word_1_111' title='bbox 211 2574 327 2619; x_wconf 89' lang='lat' dir='ltr'><strong>nemus</strong></span> <span class='ocrx_word' id='word_1_112' title='bbox 345 2550 453 2636; x_wconf 88' lang='lat' dir='ltr'><strong>circa,</strong></span> <span class='ocrx_word' id='word_1_113' title='bbox 471 2548 632 2646; x_wconf 86' lang='lat' dir='ltr'><strong>cultuque</strong></span> <span class='ocrx_word' id='word_1_114' title='bbox 649 2552 781 2646; x_wconf 84' lang='lat' dir='ltr'><strong>insigne</strong></span> <span class='ocrx_word' id='word_1_115' title='bbox 799 2553 961 2636; x_wconf 84' lang='lat' dir='ltr'><strong>verendo,</strong></span> 
     </span>
    </p>

    <p class='ocr_par' dir='ltr' id='par_1_18' title="bbox 105 2668 861 2767">
     <span class='ocr_line' id='line_1_19' title="bbox 105 2668 861 2767; baseline 0.003 -26"><span class='ocrx_word' id='word_1_116' title='bbox 105 2672 244 2741; x_wconf 81' lang='lat' dir='ltr'><strong>Vittatae</strong></span> <span class='ocrx_word' id='word_1_117' title='bbox 260 2670 389 2759; x_wconf 90' lang='lat' dir='ltr'><strong>laurus,</strong></span> <span class='ocrx_word' id='word_1_118' title='bbox 406 2687 440 2741; x_wconf 90' lang='lat' dir='ltr'><strong>et</strong></span> <span class='ocrx_word' id='word_1_119' title='bbox 457 2668 617 2767; x_wconf 87' lang='lat' dir='ltr'><strong>supplicis</strong></span> <span class='ocrx_word' id='word_1_120' title='bbox 637 2673 738 2742; x_wconf 90' lang='lat' dir='ltr'><strong>arbor</strong></span> <span class='ocrx_word' id='word_1_121' title='bbox 755 2672 861 2743; x_wconf 82' lang='lat' dir='ltr'><strong>olirae.</strong></span> 
     </span>
    </p>

    <p class='ocr_par' dir='ltr' id='par_1_19' title="bbox 105 2789 951 2889">
     <span class='ocr_line' id='line_1_20' title="bbox 105 2789 951 2889; baseline 0.002 -26"><span class='ocrx_word' id='word_1_122' title='bbox 105 2789 210 2863; x_wconf 87' lang='lat' dir='ltr'><strong>Nulla</strong></span> <span class='ocrx_word' id='word_1_123' title='bbox 229 2806 338 2862; x_wconf 88' lang='lat' dir='ltr'><strong>autem</strong></span> <span class='ocrx_word' id='word_1_124' title='bbox 357 2791 501 2889; x_wconf 86' lang='lat' dir='ltr'><strong>effigies,</strong></span> <span class='ocrx_word' id='word_1_125' title='bbox 516 2790 601 2863; x_wconf 87' lang='lat' dir='ltr'><strong>nulli</strong></span> <span class='ocrx_word' id='word_1_126' title='bbox 621 2795 797 2865; x_wconf 86' lang='lat' dir='ltr'><strong>commissa</strong></span> <span class='ocrx_word' id='word_1_127' title='bbox 814 2794 951 2866; x_wconf 89' lang='lat' dir='ltr'><strong>metallo</strong></span> 
     </span>
    </p>

    <p class='ocr_par' dir='ltr' id='par_1_20' title="bbox 105 2913 1009 3013">
     <span class='ocr_line' id='line_1_21' title="bbox 105 2913 1009 3013; baseline 0.003 -29"><span class='ocrx_word' id='word_1_128' title='bbox 105 2918 229 2984; x_wconf 89' lang='lat' dir='ltr'><strong>Forma</strong></span> <span class='ocrx_word' id='word_1_129' title='bbox 249 2913 336 3003; x_wconf 67' lang='lat' dir='ltr'><strong>dem,</strong></span> <span class='ocrx_word' id='word_1_130' title='bbox 354 2930 480 2985; x_wconf 85' lang='lat' dir='ltr'><strong>mentes</strong></span> <span class='ocrx_word' id='word_1_131' title='bbox 498 2915 651 2986; x_wconf 88' lang='lat' dir='ltr'><strong>habitare</strong></span> <span class='ocrx_word' id='word_1_132' title='bbox 670 2931 703 2986; x_wconf 89' lang='lat' dir='ltr'><strong>et</strong></span> <span class='ocrx_word' id='word_1_133' title='bbox 722 2932 858 3011; x_wconf 87' lang='lat' dir='ltr'><strong>pectora</strong></span> <span class='ocrx_word' id='word_1_134' title='bbox 874 2917 1009 3013; x_wconf 85' lang='lat' dir='ltr'><strong>gaudet.</strong></span> 
     </span>
    </p>

    <p class='ocr_par' dir='ltr' id='par_1_21' title="bbox 109 3036 1070 3136">
     <span class='ocr_line' id='line_1_22' title="bbox 109 3036 1070 3136; baseline 0.005 -30"><span class='ocrx_word' id='word_1_135' title='bbox 109 3040 247 3131; x_wconf 87' lang='lat' dir='ltr'><strong>Semper</strong></span> <span class='ocrx_word' id='word_1_136' title='bbox 261 3036 362 3107; x_wconf 88' lang='lat' dir='ltr'><strong>habet</strong></span> <span class='ocrx_word' id='word_1_137' title='bbox 376 3038 540 3133; x_wconf 88' lang='lat' dir='ltr'><strong>trepidos,</strong></span> <span class='ocrx_word' id='word_1_138' title='bbox 559 3064 690 3134; x_wconf 88' lang='lat' dir='ltr'><strong>semper</strong></span> <span class='ocrx_word' id='word_1_139' title='bbox 709 3039 802 3110; x_wconf 89' lang='lat' dir='ltr'><strong>locus</strong></span> <span class='ocrx_word' id='word_1_140' title='bbox 819 3042 937 3111; x_wconf 88' lang='lat' dir='ltr'><strong>horret</strong></span> <span class='ocrx_word' id='word_1_141' title='bbox 956 3044 1070 3136; x_wconf 81' lang='lat' dir='ltr'><strong>egenis</strong></span> 
     </span>
    </p>

    <p class='ocr_par' dir='ltr' id='par_1_22' title="bbox 107 3159 838 3255">
     <span class='ocr_line' id='line_1_23' title="bbox 107 3159 838 3255; baseline 0.003 -26"><span class='ocrx_word' id='word_1_142' title='bbox 107 3159 280 3245; x_wconf 82' lang='lat' dir='ltr'><strong>Coetibus3</strong></span> <span class='ocrx_word' id='word_1_143' title='bbox 299 3160 423 3255; x_wconf 74' lang='lat' dir='ltr'><strong>ignota</strong></span> <span class='ocrx_word' id='word_1_144' title='bbox 441 3174 572 3231; x_wconf 88' lang='lat' dir='ltr'><strong>tantum</strong></span> <span class='ocrx_word' id='word_1_145' title='bbox 591 3160 744 3232; x_wconf 85' lang='lat' dir='ltr'><strong>felicibus</strong></span> <span class='ocrx_word' id='word_1_146' title='bbox 762 3188 838 3231; x_wconf 75' lang='lat' dir='ltr'><strong>arae.</strong></span> 
     </span>
    </p>

    <p class='ocr_par' dir='ltr' id='par_1_23' title="bbox 106 3280 923 3379">
     <span class='ocr_line' id='line_1_24' title="bbox 106 3280 923 3379; baseline 0.001 -27"><span class='ocrx_word' id='word_1_147' title='bbox 106 3286 208 3352; x_wconf 88' lang='lat' dir='ltr'><strong>Fama</strong></span> <span class='ocrx_word' id='word_1_148' title='bbox 228 3295 293 3369; x_wconf 89' lang='lat' dir='ltr'><strong>est,</strong></span> <span class='ocrx_word' id='word_1_149' title='bbox 312 3280 462 3352; x_wconf 79' lang='lat' dir='ltr'><strong>defensos</strong></span> <span class='ocrx_word' id='word_1_150' title='bbox 479 3284 567 3373; x_wconf 90' lang='lat' dir='ltr'><strong>acie,</strong></span> <span class='ocrx_word' id='word_1_151' title='bbox 582 3299 658 3377; x_wconf 90' lang='lat' dir='ltr'><strong>post</strong></span> <span class='ocrx_word' id='word_1_152' title='bbox 675 3286 775 3354; x_wconf 89' lang='lat' dir='ltr'><strong>busta</strong></span> <span class='ocrx_word' id='word_1_153' title='bbox 793 3286 923 3379; x_wconf 89' lang='lat' dir='ltr'><strong>paterni</strong></span> 
     </span>
    </p>

    <p class='ocr_par' dir='ltr' id='par_1_24' title="bbox 106 3403 957 3502">
     <span class='ocr_line' id='line_1_25' title="bbox 106 3403 957 3502; baseline 0 -29"><span class='ocrx_word' id='word_1_154' title='bbox 106 3403 286 3489; x_wconf 87' lang='lat' dir='ltr'><strong>Numinis,</strong></span> <span class='ocrx_word' id='word_1_155' title='bbox 307 3403 489 3475; x_wconf 86' lang='lat' dir='ltr'><strong>Herculeos</strong></span> <span class='ocrx_word' id='word_1_156' title='bbox 507 3404 618 3474; x_wconf 88' lang='lat' dir='ltr'><strong>sedem</strong></span> <span class='ocrx_word' id='word_1_157' title='bbox 636 3406 793 3475; x_wconf 86' lang='lat' dir='ltr'><strong>fundasse</strong></span> <span class='ocrx_word' id='word_1_158' title='bbox 808 3421 957 3502; x_wconf 88' lang='lat' dir='ltr'><strong>nepotes.</strong></span> 
     </span>
    </p>

    <p class='ocr_par' dir='ltr' id='par_1_25' title="bbox 108 3526 996 3624">
     <span class='ocr_line' id='line_1_26' title="bbox 108 3526 996 3624; baseline 0.002 -29"><span class='ocrx_word' id='word_1_159' title='bbox 108 3530 210 3596; x_wconf 87' lang='lat' dir='ltr'><strong>Fama</strong></span> <span class='ocrx_word' id='word_1_160' title='bbox 231 3526 342 3595; x_wconf 87' lang='lat' dir='ltr'><strong>minor</strong></span> <span class='ocrx_word' id='word_1_161' title='bbox 360 3526 457 3596; x_wconf 83' lang='lat' dir='ltr'><strong>laetis</strong></span> <span class='ocrx_word' id='word_1_162' title='bbox 472 3553 481 3595; x_wconf 89' lang='lat'><strong>:</strong></span> <span class='ocrx_word' id='word_1_163' title='bbox 497 3528 588 3623; x_wconf 88' lang='lat' dir='ltr'><strong>ipsos</strong></span> <span class='ocrx_word' id='word_1_164' title='bbox 607 3552 685 3597; x_wconf 89' lang='lat' dir='ltr'><strong>nam</strong></span> <span class='ocrx_word' id='word_1_165' title='bbox 702 3528 837 3598; x_wconf 87' lang='lat' dir='ltr'><strong>credere</strong></span> <span class='ocrx_word' id='word_1_166' title='bbox 855 3528 996 3624; x_wconf 86' lang='lat' dir='ltr'><strong>dignum</strong></span> 
     </span>
    </p>

    <p class='ocr_par' dir='ltr' id='par_1_26' title="bbox 108 3647 1038 3746">
     <span class='ocr_line' id='line_1_27' title="bbox 108 3647 1038 3746; baseline -0.002 -25"><span class='ocrx_word' id='word_1_167' title='bbox 108 3647 301 3739; x_wconf 79' lang='lat' dir='ltr'><strong>Caelicolae,</strong></span> <span class='ocrx_word' id='word_1_168' title='bbox 322 3648 420 3719; x_wconf 86' lang='lat' dir='ltr'><strong>tellus</strong></span> <span class='ocrx_word' id='word_1_169' title='bbox 439 3651 561 3744; x_wconf 88' lang='lat' dir='ltr'><strong>quihus</strong></span> <span class='ocrx_word' id='word_1_170' title='bbox 581 3650 714 3745; x_wconf 88' lang='lat' dir='ltr'><strong>hospita</strong></span> <span class='ocrx_word' id='word_1_171' title='bbox 734 3674 862 3746; x_wconf 88' lang='lat' dir='ltr'><strong>semper</strong></span> <span class='ocrx_word' id='word_1_172' title='bbox 879 3651 1038 3738; x_wconf 72' lang='lat' dir='ltr'><strong>Athenae,</strong></span> 
     </span>
    </p>

    <p class='ocr_par' dir='ltr' id='par_1_27' title="bbox 108 3768 1096 3866">
     <span class='ocr_line' id='line_1_28' title="bbox 108 3768 1096 3866; baseline -0.002 -25"><span class='ocrx_word' id='word_1_173' title='bbox 108 3775 181 3841; x_wconf 91' lang='lat' dir='ltr'><strong>Ceu</strong></span> <span class='ocrx_word' id='word_1_174' title='bbox 201 3768 309 3866; x_wconf 86' lang='lat' dir='ltr'><strong>leges,</strong></span> <span class='ocrx_word' id='word_1_175' title='bbox 325 3770 564 3865; x_wconf 85' lang='lat' dir='ltr'><strong>hominemque</strong></span> <span class='ocrx_word' id='word_1_176' title='bbox 579 3795 723 3858; x_wconf 85' lang='lat' dir='ltr'><strong>novum,</strong></span> <span class='ocrx_word' id='word_1_177' title='bbox 738 3772 891 3866; x_wconf 87' lang='lat' dir='ltr'><strong>ritusque</strong></span> <span class='ocrx_word' id='word_1_178' title='bbox 908 3779 1096 3860; x_wconf 85' lang='lat' dir='ltr'><strong>sacrorum,</strong></span> 
     </span>
    </p>

    <p class='ocr_par' dir='ltr' id='par_1_28' title="bbox 108 3893 991 3988">
     <span class='ocr_line' id='line_1_29' title="bbox 108 3893 991 3988; baseline 0 -24"><span class='ocrx_word' id='word_1_179' title='bbox 108 3894 308 3988; x_wconf 85' lang='lat' dir='ltr'><strong>Seminaque</strong></span> <span class='ocrx_word' id='word_1_180' title='bbox 329 3897 362 3963; x_wconf 91' lang='lat' dir='ltr'><strong>in</strong></span> <span class='ocrx_word' id='word_1_181' title='bbox 382 3920 505 3965; x_wconf 88' lang='lat' dir='ltr'><strong>vacuas</strong></span> <span class='ocrx_word' id='word_1_182' title='bbox 522 3894 600 3963; x_wconf 88' lang='lat' dir='ltr'><strong>hinc</strong></span> <span class='ocrx_word' id='word_1_183' title='bbox 618 3893 853 3963; x_wconf 86' lang='lat' dir='ltr'><strong>descendentia</strong></span> <span class='ocrx_word' id='word_1_184' title='bbox 870 3909 991 3982; x_wconf 87' lang='lat' dir='ltr'><strong>terras,</strong></span> 
     </span>
    </p>

    <p class='ocr_par' dir='ltr' id='par_1_29' title="bbox 108 4014 971 4113">
     <span class='ocr_line' id='line_1_30' title="bbox 108 4014 971 4113; baseline -0.001 -28"><span class='ocrx_word' id='word_1_185' title='bbox 108 4019 162 4085; x_wconf 91' lang='lat' dir='ltr'><strong>Sio</strong></span> <span class='ocrx_word' id='word_1_186' title='bbox 179 4041 323 4086; x_wconf 83' lang='lat' dir='ltr'><strong>sacrasse</strong></span> <span class='ocrx_word' id='word_1_187' title='bbox 342 4014 415 4087; x_wconf 88' lang='lat' dir='ltr'><strong>loco</strong></span> <span class='ocrx_word' id='word_1_188' title='bbox 434 4042 612 4087; x_wconf 87' lang='lat' dir='ltr'><strong>commune</strong></span> <span class='ocrx_word' id='word_1_189' title='bbox 629 4017 855 4087; x_wconf 89' lang='lat' dir='ltr'><strong>animantibus</strong></span> <span class='ocrx_word' id='word_1_190' title='bbox 874 4018 971 4113; x_wconf 75' lang='lat' dir='ltr'><strong>aegris</strong></span> 
     </span>
    </p>

    <p class='ocr_par' dir='ltr' id='par_1_30' title="bbox 107 4136 1090 4234">
     <span class='ocr_line' id='line_1_31' title="bbox 107 4136 1090 4234; baseline -0.002 -27"><span class='ocrx_word' id='word_1_191' title='bbox 107 4136 334 4234; x_wconf 73' lang='lat' dir='ltr'><strong>Coniugium,</strong></span> <span class='ocrx_word' id='word_1_192' title='bbox 354 4138 442 4209; x_wconf 89' lang='lat' dir='ltr'><strong>unde</strong></span> <span class='ocrx_word' id='word_1_193' title='bbox 461 4136 577 4234; x_wconf 88' lang='lat' dir='ltr'><strong>procul</strong></span> <span class='ocrx_word' id='word_1_194' title='bbox 600 4154 726 4210; x_wconf 86' lang='lat' dir='ltr'><strong>starent</strong></span> <span class='ocrx_word' id='word_1_195' title='bbox 746 4140 888 4234; x_wconf 79' lang='lat' dir='ltr'><strong>ireque,</strong></span> <span class='ocrx_word' id='word_1_196' title='bbox 910 4141 1090 4232; x_wconf 86' lang='lat' dir='ltr'><strong>minaeque,</strong></span> 
     </span>
    </p>
   </div>
   <div class='ocr_carea' id='block_1_3' title="bbox 0 0 1483 4950">
    <p class='ocr_par' dir='ltr' id='par_1_31' title="bbox 0 0 1483 4950">
     <span class='ocr_line' id='line_1_32' title="bbox 0 0 1483 4950; baseline 0 0"><span class='ocrx_word' id='word_1_197' title='bbox 0 0 1483 4950; x_wconf 95' lang='lat' dir='ltr'><strong> </strong></span> 
     </span>
    </p>
   </div>
  </div>
 </body>
</html>
