2934 4950
361 377 398 434 36
676 373 893 431 THEBAIDOS
913 373 1025 430 LIBER
1051 375 1083 430 V.
1291 372 1392 438 (rael.)

358 501 609 594 Promissarque
621 499 761 569 trahunt
772 499 914 594 pecudes
928 524 937 567 ε
952 501 1047 594 niger
1059 498 1215 570 omnibus
1227 501 1293 570 atis

359 624 467 718 Ignis,
486 623 573 690 etin
592 618 691 690 nullis
709 622 813 714 spirat
831 623 922 690 Deus
943 621 1073 715 integer
1092 622 1187 690 extis.

409 742 578 813 «Tardius
598 742 750 811 humenti
769 756 901 810 noctem
919 740 1042 835 dejecit
1059 739 1203 835 Olympo

360 867 530 960 Juppiter,
552 878 587 932 et
607 888 740 933 versum
761 864 852 952 miti,
872 886 968 950 reor,
989 862 1113 930 aethera
1131 886 1212 931 cura

362 985 542 1073 Sustinuit,
562 984 643 1053 dum
662 984 732 1052 fata
750 998 865 1052 vetant
883 1010 891 1052 :
910 1008 971 1052 nec
987 981 1121 1079 longius
1138 1007 1288 1077 unquam

361 1111 543 1177 Cessavere
563 1129 658 1174 novae
672 1104 820 1198 perfecto
839 1103 908 1174 sole
927 1105 1079 1173 tenebrae.

362 1230 443 1296 Sera
459 1241 570 1295 umen
590 1223 716 1293 mundo
736 1240 902 1294 venerunt
918 1241 1028 1312 astra,
1048 1224 1104 1294 sed
1126 1223 1190 1294 illis

363 1350 407 1416 Et
424 1348 545 1431 Paros,
564 1359 598 1412 et
614 1369 789 1414 nemorosa
807 1345 952 1434 Thasos,
970 1345 1160 1440 crebreque
1177 1344 1327 1415 relucent

363 1465 525 1563 Cyclades
544 1491 552 1532 ε
573 1489 640 1534 una
658 1467 751 1560 gravi
769 1467 901 1560 penitus
919 1465 1000 1536 latet
1017 1467 1136 1536 obruta
1157 1464 1241 1536 coelo

362 1593 525 1672 Lemnos,
544 1589 580 1656 in
597 1588 684 1656 hanc
703 1589 813 1656 tristes
832 1587 978 1677 nebulae,
997 1603 1031 1657 et
1047 1587 1146 1684 plaga
1164 1613 1252 1658 caeca
1268 1611 1400 1682 superne

363 1710 520 1796 Texitur,
539 1733 607 1777 una
625 1708 718 1804 vagis
738 1711 883 1778 Lemnos
901 1734 971 1777 non
991 1709 1103 1804 agnita
1124 1709 1247 1778 nautis.

415 1833 515 1899 «Jam
532 1828 684 1898 domibus
703 1827 767 1897 hisi
785 1843 818 1898 et
837 1853 1014 1899 nemorum
1033 1853 1217 1924 peropaca
1239 1853 1399 1899 sacrorum

365 1951 500 2023 Ditibus
520 1948 695 2044 indulgent
711 1949 837 2045 epulis,
859 1966 1067 2044 vacuantque
1084 1950 1254 2045 profundo

366 2075 495 2142 hurum
511 2073 657 2140 immane
674 2096 766 2140 mero
783 2099 790 2141 :
811 2071 891 2142 dum
908 2097 982 2166 quae
997 2097 1059 2168 per
1076 2075 1256 2167 Strymona
1272 2097 1399 2167 pugne,

365 2197 451 2284 Quis
470 2193 650 2288 Rhodope,
671 2191 825 2287 gelidove
843 2192 940 2262 labor
957 2192 1095 2263 sudatus
1113 2195 1148 2262 in
1167 2197 1303 2282 Haemo,

366 2320 572 2388 haimerare
593 2321 689 2384 vacat
709 2340 717 2382 τ
737 2341 797 2384 uec
815 2340 903 2397 non,
924 2341 1042 2384 manus
1063 2314 1183 2408 impia,
1203 2329 1318 2410 nuptae

367 2443 462 2510 Serta
483 2441 589 2526 inter,
611 2436 777 2533 festasque
797 2435 916 2533 dapes,
937 2461 1004 2532 quo
1025 2438 1168 2507 maxima
1188 2434 1282 2507 cultu

367 2564 516 2655 Quaeque
531 2561 646 2654 jacent
667 2587 675 2630 ε
697 2559 837 2629 dederat
855 2562 950 2629 nutes
970 2560 1133 2655 Cytherea
1154 2581 1314 2653 suprema

367 2685 474 2753 Nocte
491 2684 599 2771 viros,
617 2681 786 2776 longoque
804 2681 940 2751 brevem
959 2696 1035 2776 post
1054 2696 1205 2775 tempore
1223 2705 1341 2777 paoem

367 2805 615 2897 Nequicquam,
636 2817 671 2870 et
687 2803 825 2871 miseros
844 2804 995 2897 perituro
1017 2800 1189 2873 afflaverat
1209 2807 1292 2917 igni.

416 2926 642 2996 «Conticuere
658 2924 754 2993 chori
775 2949 783 2991 :
803 2923 962 3019 dapibus,
984 2922 1131 3018 ludoque
1151 2923 1266 2995 licenti

367 3048 420 3115 Fit
435 3045 573 3133 modus,
591 3060 625 3114 et
640 3047 756 3139 primae
774 3044 971 3115 decrescunt
988 3070 1159 3116 murmura
1179 3051 1307 3137 noctis,

368 3168 483 3254 Quum
500 3168 738 3261 consanguinei
758 3169 882 3236 mixtus
901 3166 1041 3262 caligine
1061 3167 1136 3257 leti,

368 3268 456 3359 llore
475 3286 611 3356 madeus
626 3289 758 3383 Stygio,
774 3288 974 3357 morituram
992 3287 1205 3384 amplectitur
1222 3292 1338 3361 urbem

368 3410 527 3496 Somnus,
547 3423 580 3477 et
597 3407 774 3502 implacido
791 3408 901 3479 fundit
919 3411 1033 3504 gravia
1051 3411 1120 3479 otia
1138 3435 1269 3480 cornu:

369 3531 585 3623 Secernitque
607 3530 722 3598 viros:
745 3529 884 3626 vigilant
902 3546 1099 3627 nuptaeque,
1120 3557 1293 3629 nurusque

367 3652 408 3719 In
429 3649 551 3740 scelus,
572 3664 672 3744 atque
689 3649 813 3719 hilares
832 3666 959 3721 acuunt
976 3652 1045 3721 seru
1064 3650 1130 3722 tela
1148 3677 1290 3725 sorores.

370 3774 523 3839 invasere
542 3771 653 3859 nefas,
674 3786 796 3842 cuncto
814 3798 874 3842 sua
894 3788 1009 3869 regnat
1028 3776 1173 3869 Erinnys

368 3892 504 3961 Pectore
521 3918 529 3958 :
548 3918 616 3961 nou
633 3891 730 3963 aliter
747 3894 920 3988 Scythicos
937 3912 1085 3965 armenta
1103 3921 1163 3992 per
1181 3922 1282 3995 agros

367 4016 529 4106 Hyrcaute
547 4010 693 4082 clausere
711 4014 785 4103 leae,
807 4040 891 4109 quas
909 4016 1010 4111 exigit
1029 4031 1105 4087 ortu
