2934 4950
387 436 452 505 156'
695 448 907 523 THEBAIDOS
926 448 1034 504 LIBER
1056 450 1108 505 lx.
1311 449 1419 511 (aas.)

382 576 521 643 Pectora
536 570 686 641 cherulcae
702 574 783 641 rivis
796 574 966 641 manantia
983 575 1104 643 barbae

383 694 493 762 Obvia
512 707 670 787 cognatos
688 693 849 787 gemitus,
870 718 1050 787 casumque
1068 696 1195 790 nepotis

381 813 614 907 Nympharum
631 810 730 881 docet
750 838 817 881 una
835 828 981 908 patrem,
1001 831 1228 910 monstratque
1248 830 1416 885 cruentum

382 937 579 1020 Auctorem,
600 931 817 1027 dextramque
834 936 956 1027 premit
977 960 984 1001 :
1004 938 1095 1004 stetit
1114 934 1238 1006 arduus
1258 935 1326 1005 alto

383 1058 506 1145 Amne,
524 1077 692 1146 manuque
710 1077 829 1149 genas,
847 1069 881 1122 et
900 1080 986 1124 nexa
1003 1052 1189 1125 virentibus
1206 1056 1292 1126 ulvis

383 1178 520 1271 Cornua
540 1175 749 1263 concutiebs,
769 1176 816 1243 sic
834 1175 986 1244 turbidus
1003 1200 1061 1244 ore
1076 1175 1244 1271 profundo

382 1296 504 1390 Incipit
521 1321 528 1363 :
545 1298 713 1364 «Huncne
730 1295 829 1382 mihi,
846 1292 1012 1390 Superum
1030 1312 1200 1392 regnator,
1217 1297 1395 1381 honorem,

382 1415 483 1505 Quod
503 1418 600 1485 toties
618 1416 803 1510 hospesque
822 1418 887 1485 tuis
908 1431 943 1485 et
960 1419 1111 1487 conscius
1131 1416 1230 1505 actis,

384 1541 453 1608 Nec
472 1562 654 1607 memorare
672 1539 788 1624 timor,
804 1532 886 1606 falsa
902 1563 992 1606 nunc
1009 1538 1162 1635 improba
1179 1538 1288 1608 fronte
1372 1530 1375 1533 ⁴

383 1662 536 1747 Cornua,
554 1684 644 1727 nunc
662 1658 800 1727 vetitam
819 1682 938 1728 currus
952 1657 1141 1753 disjungere
1158 1660 1323 1735 Phoeben.

382 1777 584 1873 Dotalesque
603 1804 721 1873 rogos„
739 1779 944 1874 deceptaque
964 1780 1103 1849 fulmina
1119 1779 1205 1869 vidi,

383 1902 637 1995 Praecipuosque
653 1898 720 1968 alui
735 1900 914 1969 natorum?
932 1927 975 1970 an
992 1900 1066 1970 vilis
1082 1916 1116 1970 et
1131 1901 1195 1970 illis

383 2020 524 2091 Gratia?
545 2019 587 2090 ad
608 2022 806 2091 hunc'certe
823 2024 928 2117 repsit
945 2024 1140 2117 Tirynthius
1156 2047 1303 2092 amnem:

383 2146 453 2210 Hac
472 2141 532 2209 tibi
553 2141 749 2235 flagrantem
768 2140 937 2211 Bromium
959 2144 1166 2211 restinximus
1184 2142 1285 2211 unda.

382 2262 541 2356 Adspice,
561 2286 643 2355 quas
659 2261 762 2330 lluvio
778 2261 898 2349 credes,
917 2288 991 2369 qum
1011 2264 1128 2331 funera
1144 2278 1291 2357 portem,

382 2385 570 2457 Continuus
590 2381 680 2467 telis,
701 2382 835 2476 altoque
855 2380 1033 2477 adopertus
1054 2409 1184 2453 acervo.

383 2511 493 2577 Omne
512 2505 633 2575 vadum
651 2503 729 2574 belli
748 2506 850 2573 series
867 2519 958 2573 tenet
976 2531 982 2573 :
1002 2509 1108 2575 omnis
1127 2505 1261 2575 anhelat

322 2660 327 2666 ·
382 2629 483 2698 Unda
503 2627 615 2716 nefas,
636 2628 815 2720 subterque
830 2628 948 2695 animae
964 2653 1129 2721 supraque
1143 2623 1290 2699 recentes

382 2755 523 2837 Errant,
542 2764 574 2817 et
592 2751 739 2844 geminas
753 2749 901 2841 jungunt
917 2745 1058 2842 caligine
1075 2751 1173 2842 ripas.

381 2869 441 2940 Ille
459 2894 520 2965 ego
539 2868 700 2940 clamatus
717 2869 819 2937 sacris
838 2866 1019 2936 ululatibus
1039 2868 1162 2958 amnis,
1270 2898 1279 2921 ι

381 2993 451 3080 Qui
469 2990 583 3060 molles
603 2990 752 3082 thyrsoS,
771 2989 994 3082 Baccheaque
1009 3015 1134 3058 cornua
1151 3016 1236 3084 puro

381 3118 486 3182 Fonte
504 3110 615 3180 lavare
632 3109 738 3197 feror,
756 3111 895 3204 stipatus
914 3108 1056 3178 caedibus
1070 3111 1177 3178 arctas

381 3237 421 3302 In
442 3233 526 3314 freta
544 3254 655 3326 quaero
674 3232 766 3299 vias:
786 3255 854 3299 non
870 3233 1064 3323 Strymonos
1086 3233 1188 3325 impia
1206 3247 1296 3299 tanto

382 3357 506 3448 Stagna
523 3361 644 3422 cruore
657 3365 793 3433 natant,
810 3374 878 3438 non
897 3349 1057 3444 spumifer
1074 3350 1172 3420 altius
1190 3355 1314 3422 Hebrus

382 3473 531 3544 Gradivo
549 3470 693 3542 bellante
711 3471 833 3540 rubet:
851 3496 913 3540 nec
933 3486 966 3539 te
985 3470 1142 3540 admonet
1159 3471 1257 3541 altrix

382 3595 498 3680 Unda,
517 3609 656 3688 tuasque
673 3618 809 3681 manus,
824 3590 1025 3687 jampridem
1043 3591 1145 3661 oblite
1161 3589 1323 3687 parentum

381 3715 502 3785 Liber?
521 3740 564 3784 an
583 3720 672 3785 Eous
691 3713 809 3784 melius
828 3729 967 3809 pacatur
985 3712 1179 3808 Hydaspes?

381 3841 425 3907 At
442 3851 497 3924 tu,
516 3837 575 3930 qui
596 3833 743 3904 tumidus
761 3833 893 3930 spoliis,
913 3850 947 3903 et
962 3836 1122 3929 sangnine
1137 3834 1258 3930 gaudes

382 3959 526 4025 Insontis
540 3957 652 4052 pueri,
670 3981 739 4025 non
756 3956 821 4025 hoc
837 3981 877 4024 ex
897 3979 995 4024 amne
1010 3954 1183 4048 potentem

383 4079 550 4167 lnachon,
570 4094 627 4148 aut
644 4103 747 4147 stevas
766 4079 872 4146 victor
886 4077 1045 4145 revehere
1062 4077 1234 4170 Mycenas,
