2934 4950
317 463 374 519 '29⁰
615 438 870 496 ACHILLEIDOS
891 435 1008 493 LIBER
1029 439 1066 493 ll.
1249 437 1289 500 (v.
1308 440 1381 486 235)

315 573 455 661 Jamque
475 592 582 637 avus:
604 567 741 636 immitis
759 565 890 659 quoties
909 564 1109 634 tractabitur
1126 565 1239 650 ensis,

315 690 428 761 Turba
448 715 571 759 sumus.
591 719 608 755 s
629 691 724 758 Tunc
740 703 775 757 et
789 688 918 773 Danai,
936 711 998 781 per
1013 709 1105 756 sacra
1123 683 1301 780 fidemque

315 813 481 908 Hospitii,
498 809 709 905 blandusque
727 833 866 905 precum
885 806 1068 904 compellat
1083 807 1209 878 Ulixes.

364 929 441 1021 Ille,
457 934 518 1002 etsi
537 957 621 1002 carae
639 947 810 1028 comperta
829 931 954 1025 injuria
972 945 1074 1018 natoe,

315 1060 358 1126 Et
374 1053 525 1124 Thetidis
545 1053 702 1124 mandata
722 1067 878 1141 movent,
900 1051 1064 1148 prodique
1085 1060 1221 1121 veretur

315 1177 513 1271 Depositum
535 1191 602 1244 tam
621 1172 747 1271 grande
763 1173 849 1260 deoe,
865 1189 978 1244 tamen
994 1174 1113 1244 obvius
1131 1175 1180 1242 ire

315 1306 379 1371 Tot
394 1299 513 1370 metuit
533 1297 627 1386 fatis,
644 1295 835 1392 Argivaque
853 1295 941 1366 bella
959 1297 1096 1366 morari.

315 1427 381 1492 Fac
399 1418 504 1490 velit:
523 1421 628 1515 ipsam
648 1416 716 1488 illic
736 1433 880 1488 matrem
897 1420 1075 1513 sprevisset
1092 1416 1252 1488 Achilles.

316 1545 369 1613 Ne
388 1557 500 1612 tamen
519 1541 681 1610 abnueret
700 1564 824 1635 genero
845 1565 881 1609 se
894 1541 1038 1636 jungere
1058 1538 1134 1627 tali,

317 1665 474 1734 Vincitur
493 1689 500 1732 :
520 1662 650 1732 arcanis
667 1661 764 1731 effert
781 1659 977 1756 pudibunda
994 1662 1141 1731 tenebris

316 1785 493 1856 Deidamia
508 1782 665 1880 gradum,
682 1785 815 1852 veniam
832 1807 894 1852 nec
912 1785 1068 1878 protinus
1086 1809 1198 1853 amens

317 1907 447 1996 Credit,
466 1923 500 1977 ct
519 1908 675 2002 opposito
695 1907 881 2002 genitorem
899 1904 1010 2001 placat
1027 1904 1166 1977 Achille.

365 2031 515 2099 Mittitur
531 2029 760 2116 Haemoniam,
779 2029 894 2123 magni
911 2027 972 2122 qui
988 2027 1087 2097 Pelea
1105 2027 1185 2098 facti

316 2151 473 2248 Impleat,
491 2165 524 2220 et
545 2149 684 2220 classem
703 2151 908 2246 comitesque
924 2151 959 2218 in
976 2148 1092 2244 proelia
1111 2165 1237 2245 poscat.

317 2277 475 2346 Necnon
493 2289 526 2345 ct
545 2274 693 2370 geminas
711 2288 871 2370 regnator
889 2275 1023 2368 Scyrius
1041 2273 1135 2344 aluos

319 2397 464 2472 Deducit
483 2419 624 2493 genero,
641 2395 796 2490 viresque
811 2410 946 2465 excusat
965 2395 1114 2466 Achivis.

317 2522 413 2589 Tunc
429 2516 538 2613 epulis
557 2531 732 2587 consumta
752 2516 837 2602 dies,
854 2517 1056 2612 tandemque
1075 2532 1251 2613 receptum

318 2639 454 2727 Foedus,
473 2653 507 2709 et
527 2636 712 2734 intrepidos
728 2661 797 2708 nox
815 2641 948 2709 conscia
964 2640 1078 2735 jungit
1096 2657 1259 2710 amantes.

367 2758 462 2830 Illius
483 2774 560 2830 ante
576 2758 692 2830 oculos
709 2783 797 2829 nova
812 2757 922 2846 halla,
942 2774 976 2829 et
992 2760 1165 2849 Xanthus,
1187 2778 1221 2833 et
1241 2764 1328 2855 Ide,

320 2881 549 2979 Argolicaeque
567 2897 656 2953 rates
678 2906 686 2950 ε
708 2895 809 2976 atque
827 2882 899 2951 haec
916 2884 987 2976 jam
1003 2885 1130 2979 cogitat
1145 2884 1274 2973 undas,

319 3011 553 3099 Auroramque
571 3006 666 3073 timet
687 3030 695 3072 τ
715 3027 792 3073 caru
811 3004 940 3073 cervice
959 3006 1072 3073 mariti

318 3126 405 3197 Fusa
420 3128 517 3213 novi,
535 3125 696 3221 lacrymas
712 3128 783 3219 jam
799 3124 913 3215 solvit,
933 3140 967 3195 et
983 3144 1123 3222 occupat
1141 3139 1247 3197 artus.

319 3278 336 3313 α
347 3247 583 3344 Adspiciamne
600 3248 740 3337 iterum,
758 3272 877 3342 meque
893 3248 958 3319 hoc
974 3252 1010 3317 in
1028 3262 1164 3345 pectore
1180 3276 1330 3345 ponam,

318 3368 477 3439 AEacidel
496 3392 677 3463 rursusque
697 3384 774 3441 tuos
792 3368 973 3465 dignabere
991 3370 1132 3465 partus?

318 3495 371 3561 An
388 3480 534 3559 tumidus
550 3493 763 3586 Teucrosque
776 3488 879 3581 lares,
897 3506 931 3561 et
947 3506 1045 3589 capta
1061 3508 1238 3590 reportans

318 3614 496 3707 Pergama,
516 3612 673 3707 virginem
689 3610 775 3681 nolis
791 3606 978 3683 nieminisse
997 3612 1158 3684 latebrae?

318 3732 411 3823 Quid
420 3757 546 3828 precer,
553 3734 819 3823 heu,timeamve
828 3734 1071 3830 priuslquidve
1081 3738 1181 3808 anxia
1189 3740 1374 3831 mandem,

318 3855 383 3925 Cui
402 3855 457 3925 vix
477 3854 556 3925 llere
572 3854 690 3927 vacat?
707 3856 808 3926 modo
824 3870 857 3926 te
876 3880 943 3927 nox
958 3882 1026 3927 una
1042 3857 1218 3955 deditque,

318 3976 511 4075 Inviditque
531 3977 623 4048 mihi.
641 3977 810 4050 Thalamis
826 3972 896 4049 htec
912 3993 1064 4075 tempora
1081 3984 1234 4053 nostris?

318 4100 425 4169 Hicue
443 4114 492 4170 est
508 4099 593 4171 liber
607 4101 764 4196 Hymen?
781 4126 802 4170 o
820 4099 931 4173 dulcia
950 4101 1057 4195 suma,
1073 4102 1228 4199 dolique,
