<?xml version="1.0" encoding="UTF-8"?>
<!DOCTYPE html PUBLIC "-//W3C//DTD XHTML 1.0 Transitional//EN"
    "http://www.w3.org/TR/xhtml1/DTD/xhtml1-transitional.dtd">
<html xmlns="http://www.w3.org/1999/xhtml" xml:lang="en" lang="en">
 <head>
  <title>
</title>
<meta http-equiv="Content-Type" content="text/html;charset=utf-8" />
  <meta name='ocr-system' content='tesseract 3.04.00' />
  <meta name='ocr-capabilities' content='ocr_page ocr_carea ocr_par ocr_line ocrx_word'/>
</head>
<body>
  <div class='ocr_page' id='page_1' title='image "./operaquaeextant01dbgoog_0502.png"; bbox 0 0 2934 4950; ppageno 0'>
   <div class='ocr_carea' id='block_1_1' title="bbox 63 454 1115 484">
    <p class='ocr_par' dir='ltr' id='par_1_1' title="bbox 63 454 1115 484">
     <span class='ocr_line' id='line_1_1' title="bbox 63 454 1115 484; baseline -0.004 0"><span class='ocrx_word' id='word_1_1' title='bbox 63 454 1115 484; x_wconf 51' lang='lat' dir='ltr'><strong>mmmmm</strong></span> 
     </span>
    </p>
   </div>
   <div class='ocr_carea' id='block_1_2' title="bbox 285 696 1002 822">
    <p class='ocr_par' dir='ltr' id='par_1_2' title="bbox 285 696 1002 822">
     <span class='ocr_line' id='line_1_2' title="bbox 285 696 1002 822; baseline 0 0"><span class='ocrx_word' id='word_1_2' title='bbox 285 717 507 822; x_wconf 87' lang='lat' dir='ltr'>LIBER</span> <span class='ocrx_word' id='word_1_3' title='bbox 542 715 896 822; x_wconf 86' lang='lat' dir='ltr'><strong>DECIMUS.</strong></span> <span class='ocrx_word' id='word_1_4' title='bbox 992 696 1002 755; x_wconf 56' lang='lat'><strong>¹·</strong></span> 
     </span>
    </p>
   </div>
   <div class='ocr_carea' id='block_1_3' title="bbox 510 1064 669 1079">
    <p class='ocr_par' dir='ltr' id='par_1_3' title="bbox 510 1064 669 1079">
     <span class='ocr_line' id='line_1_3' title="bbox 510 1064 669 1079; baseline -0.006 -4"><span class='ocrx_word' id='word_1_5' title='bbox 510 1064 669 1079; x_wconf 57' lang='grc' dir='ltr'><em>...ο-</em></span> 
     </span>
    </p>
   </div>
   <div class='ocr_carea' id='block_1_4' title="bbox 66 1259 1116 4228">
    <p class='ocr_par' dir='ltr' id='par_1_4' title="bbox 69 1259 973 1412">
     <span class='ocr_line' id='line_1_4' title="bbox 69 1259 973 1412; baseline -0.002 -25"><span class='ocrx_word' id='word_1_6' title='bbox 69 1259 236 1387; x_wconf 76' lang='lat' dir='ltr'><strong>Oscum</strong></span> <span class='ocrx_word' id='word_1_7' title='bbox 254 1320 416 1411; x_wconf 87' lang='lat' dir='ltr'><strong>Hesperia</strong></span> <span class='ocrx_word' id='word_1_8' title='bbox 433 1319 593 1388; x_wconf 89' lang='lat' dir='ltr'><strong>Phoebum</strong></span> <span class='ocrx_word' id='word_1_9' title='bbox 615 1342 682 1388; x_wconf 87' lang='lat' dir='ltr'><strong>nox</strong></span> <span class='ocrx_word' id='word_1_10' title='bbox 698 1319 836 1388; x_wconf 86' lang='lat' dir='ltr'><strong>humida</strong></span> <span class='ocrx_word' id='word_1_11' title='bbox 855 1332 973 1412; x_wconf 86' lang='lat' dir='ltr'><strong>porta,</strong></span> 
     </span>
    </p>

    <p class='ocr_par' dir='ltr' id='par_1_5' title="bbox 66 1437 955 1536">
     <span class='ocr_line' id='line_1_5' title="bbox 66 1437 955 1536; baseline 0.001 -30"><span class='ocrx_word' id='word_1_12' title='bbox 66 1440 220 1532; x_wconf 89' lang='lat' dir='ltr'><strong>Imperiis</strong></span> <span class='ocrx_word' id='word_1_13' title='bbox 238 1457 419 1536; x_wconf 89' lang='lat' dir='ltr'><strong>properata</strong></span> <span class='ocrx_word' id='word_1_14' title='bbox 433 1445 523 1511; x_wconf 84' lang='lat' dir='ltr'><strong>Jovis</strong></span> <span class='ocrx_word' id='word_1_15' title='bbox 542 1469 550 1510; x_wconf 92' lang='lat'><strong>:</strong></span> <span class='ocrx_word' id='word_1_16' title='bbox 570 1467 634 1511; x_wconf 89' lang='lat' dir='ltr'><strong>nec</strong></span> <span class='ocrx_word' id='word_1_17' title='bbox 653 1457 762 1512; x_wconf 88' lang='lat' dir='ltr'><strong>castra</strong></span> <span class='ocrx_word' id='word_1_18' title='bbox 777 1437 955 1536; x_wconf 83' lang='lat' dir='ltr'><strong>Pelasgum</strong></span> 
     </span>
    </p>

    <p class='ocr_par' dir='ltr' id='par_1_6' title="bbox 68 1539 961 1658">
     <span class='ocr_line' id='line_1_6' title="bbox 68 1539 961 1658; baseline 0 -29"><span class='ocrx_word' id='word_1_19' title='bbox 68 1565 136 1629; x_wconf 85' lang='lat' dir='ltr'><strong>Aut</strong></span> <span class='ocrx_word' id='word_1_20' title='bbox 147 1561 264 1655; x_wconf 85' lang='lat' dir='ltr'><strong>Tyrias</strong></span> <span class='ocrx_word' id='word_1_21' title='bbox 281 1563 456 1633; x_wconf 86' lang='lat' dir='ltr'><strong>miseratus</strong></span> <span class='ocrx_word' id='word_1_22' title='bbox 475 1539 574 1658; x_wconf 77' lang='lat' dir='ltr'><strong>opes,</strong></span> <span class='ocrx_word' id='word_1_23' title='bbox 593 1564 651 1634; x_wconf 89' lang='lat' dir='ltr'><strong>sed</strong></span> <span class='ocrx_word' id='word_1_24' title='bbox 668 1566 781 1652; x_wconf 88' lang='lat' dir='ltr'><strong>triste,</strong></span> <span class='ocrx_word' id='word_1_25' title='bbox 796 1578 849 1632; x_wconf 93' lang='lat' dir='ltr'><strong>tot</strong></span> <span class='ocrx_word' id='word_1_26' title='bbox 866 1575 961 1630; x_wconf 77' lang='lat' dir='ltr'><strong>extra</strong></span> 
     </span>
    </p>

    <p class='ocr_par' dir='ltr' id='par_1_7' title="bbox 67 1685 929 1782">
     <span class='ocr_line' id='line_1_7' title="bbox 67 1685 929 1782; baseline -0.002 -28"><span class='ocrx_word' id='word_1_27' title='bbox 67 1685 210 1777; x_wconf 83' lang='lat' dir='ltr'>Agmina</span> <span class='ocrx_word' id='word_1_28' title='bbox 227 1699 260 1753; x_wconf 91' lang='lat' dir='ltr'><strong>et</strong></span> <span class='ocrx_word' id='word_1_29' title='bbox 280 1687 462 1755; x_wconf 84' lang='lat' dir='ltr'><strong>immeritas</strong></span> <span class='ocrx_word' id='word_1_30' title='bbox 481 1687 569 1756; x_wconf 87' lang='lat' dir='ltr'><strong>ferro</strong></span> <span class='ocrx_word' id='word_1_31' title='bbox 590 1685 783 1756; x_wconf 83' lang='lat' dir='ltr'><strong>decrescere</strong></span> <span class='ocrx_word' id='word_1_32' title='bbox 803 1700 929 1782; x_wconf 81' lang='lat' dir='ltr'><strong>gentes.</strong></span> 
     </span>
    </p>

    <p class='ocr_par' dir='ltr' id='par_1_8' title="bbox 68 1805 920 1905">
     <span class='ocr_line' id='line_1_8' title="bbox 68 1805 920 1905; baseline 0.002 -31"><span class='ocrx_word' id='word_1_33' title='bbox 68 1805 231 1877; x_wconf 78' lang='lat' dir='ltr'>Panditur</span> <span class='ocrx_word' id='word_1_34' title='bbox 244 1809 409 1878; x_wconf 89' lang='lat' dir='ltr'><strong>immenso</strong></span> <span class='ocrx_word' id='word_1_35' title='bbox 421 1807 579 1880; x_wconf 84' lang='lat' dir='ltr'><strong>deformis</strong></span> <span class='ocrx_word' id='word_1_36' title='bbox 592 1811 759 1905; x_wconf 85' lang='lat' dir='ltr'><strong>sanguine</strong></span> <span class='ocrx_word' id='word_1_37' title='bbox 772 1833 920 1903; x_wconf 87' lang='lat' dir='ltr'><strong>campus.</strong></span> 
     </span>
    </p>

    <p class='ocr_par' dir='ltr' id='par_1_9' title="bbox 68 1926 969 2026">
     <span class='ocr_line' id='line_1_9' title="bbox 68 1926 969 2026; baseline 0.002 -31"><span class='ocrx_word' id='word_1_38' title='bbox 68 1926 142 1997; x_wconf 92' lang='lat' dir='ltr'><strong>Illic</strong></span> <span class='ocrx_word' id='word_1_39' title='bbox 155 1953 262 2014; x_wconf 88' lang='lat' dir='ltr'><strong>arma,</strong></span> <span class='ocrx_word' id='word_1_40' title='bbox 279 1946 312 1998; x_wconf 94' lang='lat' dir='ltr'><strong>et</strong></span> <span class='ocrx_word' id='word_1_41' title='bbox 329 1955 450 2025; x_wconf 90' lang='lat' dir='ltr'><strong>equos,</strong></span> <span class='ocrx_word' id='word_1_42' title='bbox 468 1931 563 2000; x_wconf 85' lang='lat' dir='ltr'><strong>ibant</strong></span> <span class='ocrx_word' id='word_1_43' title='bbox 576 1931 700 2026; x_wconf 93' lang='lat' dir='ltr'><strong>quibus</strong></span> <span class='ocrx_word' id='word_1_44' title='bbox 717 1947 796 2000; x_wconf 84' lang='lat' dir='ltr'><strong>note</strong></span> <span class='ocrx_word' id='word_1_45' title='bbox 813 1930 969 2024; x_wconf 86' lang='lat' dir='ltr'><strong>superbi,</strong></span> 
     </span>
    </p>

    <p class='ocr_par' dir='ltr' id='par_1_10' title="bbox 68 2050 1114 2148">
     <span class='ocr_line' id='line_1_10' title="bbox 68 2050 1114 2148; baseline 0 -30"><span class='ocrx_word' id='word_1_46' title='bbox 68 2055 93 2118; x_wconf 92' lang='lat' dir='ltr'><strong>F</strong></span> <span class='ocrx_word' id='word_1_47' title='bbox 96 2074 267 2144; x_wconf 90' lang='lat' dir='ltr'><strong>uneraque</strong></span> <span class='ocrx_word' id='word_1_48' title='bbox 279 2051 366 2121; x_wconf 81' lang='lat' dir='ltr'><strong>,orba</strong></span> <span class='ocrx_word' id='word_1_49' title='bbox 383 2055 488 2147; x_wconf 89' lang='lat' dir='ltr'><strong>rogis,</strong></span> <span class='ocrx_word' id='word_1_50' title='bbox 505 2051 721 2148; x_wconf 89' lang='lat' dir='ltr'><strong>neglectaque</strong></span> <span class='ocrx_word' id='word_1_51' title='bbox 741 2053 892 2122; x_wconf 88' lang='lat' dir='ltr'><strong>membra</strong></span> <span class='ocrx_word' id='word_1_52' title='bbox 907 2050 1114 2144; x_wconf 80' lang='lat' dir='ltr'><strong>relinquunt.</strong></span> 
     </span>
    </p>

    <p class='ocr_par' dir='ltr' id='par_1_11' title="bbox 68 2173 943 2271">
     <span class='ocr_line' id='line_1_11' title="bbox 68 2173 943 2271; baseline 0.005 -32"><span class='ocrx_word' id='word_1_53' title='bbox 68 2173 163 2240; x_wconf 89' lang='lat' dir='ltr'><strong>Tunc</strong></span> <span class='ocrx_word' id='word_1_54' title='bbox 178 2173 342 2243; x_wconf 89' lang='lat' dir='ltr'><strong>inhonora</strong></span> <span class='ocrx_word' id='word_1_55' title='bbox 361 2176 481 2244; x_wconf 77' lang='lat' dir='ltr'><strong>cohors</strong></span> <span class='ocrx_word' id='word_1_56' title='bbox 503 2175 619 2245; x_wconf 87' lang='lat' dir='ltr'><strong>laceris</strong></span> <span class='ocrx_word' id='word_1_57' title='bbox 634 2177 820 2271; x_wconf 84' lang='lat' dir='ltr'><strong>insignibus</strong></span> <span class='ocrx_word' id='word_1_58' title='bbox 839 2197 943 2269; x_wconf 84' lang='lat' dir='ltr'><strong>aegras</strong></span> 
     </span>
    </p>

    <p class='ocr_par' dir='ltr' id='par_1_12' title="bbox 71 2297 901 2394">
     <span class='ocr_line' id='line_1_12' title="bbox 71 2297 901 2394; baseline 0.005 -32"><span class='ocrx_word' id='word_1_59' title='bbox 71 2297 257 2363; x_wconf 80' lang='lat' dir='ltr'><strong>secernunt</strong></span> <span class='ocrx_word' id='word_1_60' title='bbox 274 2297 380 2382; x_wconf 88' lang='lat' dir='ltr'><strong>acies,</strong></span> <span class='ocrx_word' id='word_1_61' title='bbox 394 2313 581 2394; x_wconf 78' lang='lat' dir='ltr'><strong>portaeque,</strong></span> <span class='ocrx_word' id='word_1_62' title='bbox 600 2298 792 2370; x_wconf 87' lang='lat' dir='ltr'><strong>ineuntibus</strong></span> <span class='ocrx_word' id='word_1_63' title='bbox 808 2321 901 2366; x_wconf 90' lang='lat' dir='ltr'><strong>arma</strong></span> 
     </span>
    </p>

    <p class='ocr_par' dir='ltr' id='par_1_13' title="bbox 69 2418 795 2517">
     <span class='ocr_line' id='line_1_13' title="bbox 69 2418 795 2517; baseline 0.003 -30"><span class='ocrx_word' id='word_1_64' title='bbox 69 2421 228 2512; x_wconf 75' lang='lat' dir='ltr'><strong>Angusta</strong></span> <span class='ocrx_word' id='word_1_65' title='bbox 246 2418 482 2515; x_wconf 88' lang='lat' dir='ltr'><strong>populis‚·late</strong></span> <span class='ocrx_word' id='word_1_66' title='bbox 498 2446 618 2517; x_wconf 86' lang='lat' dir='ltr'><strong>cepere</strong></span> <span class='ocrx_word' id='word_1_67' title='bbox 634 2443 795 2491; x_wconf 89' lang='lat' dir='ltr'><strong>reversos.</strong></span> 
     </span>
    </p>

    <p class='ocr_par' dir='ltr' id='par_1_14' title="bbox 71 2541 978 2637">
     <span class='ocr_line' id='line_1_14' title="bbox 71 2541 978 2637; baseline 0.007 -30"><span class='ocrx_word' id='word_1_68' title='bbox 71 2542 135 2607; x_wconf 91' lang='lat' dir='ltr'><strong>Par</strong></span> <span class='ocrx_word' id='word_1_69' title='bbox 153 2542 323 2635; x_wconf 87' lang='lat' dir='ltr'><strong>utrimque</strong></span> <span class='ocrx_word' id='word_1_70' title='bbox 342 2542 462 2613; x_wconf 90' lang='lat' dir='ltr'><strong>dolor:</strong></span> <span class='ocrx_word' id='word_1_71' title='bbox 487 2543 544 2613; x_wconf 92' lang='lat' dir='ltr'><strong>sed</strong></span> <span class='ocrx_word' id='word_1_72' title='bbox 564 2543 644 2612; x_wconf 88' lang='lat' dir='ltr'><strong>dant</strong></span> <span class='ocrx_word' id='word_1_73' title='bbox 664 2541 782 2637; x_wconf 88' lang='lat' dir='ltr'><strong>solatia</strong></span> <span class='ocrx_word' id='word_1_74' title='bbox 797 2543 922 2612; x_wconf 87' lang='lat' dir='ltr'><strong>Thebis</strong></span> <span class='ocrx_word' id='word_1_75' title='bbox 974 2544 978 2549; x_wconf 79' lang='grc'><strong>’</strong></span> 
     </span>
    </p>

    <p class='ocr_par' dir='ltr' id='par_1_15' title="bbox 71 2654 1000 2761">
     <span class='ocr_line' id='line_1_15' title="bbox 71 2654 1000 2761; baseline 0.003 -30"><span class='ocrx_word' id='word_1_76' title='bbox 71 2664 226 2752; x_wconf 78' lang='lat' dir='ltr'><strong>Quattuor</strong></span> <span class='ocrx_word' id='word_1_77' title='bbox 238 2679 387 2734; x_wconf 82' lang='lat' dir='ltr'><strong>errantes</strong></span> <span class='ocrx_word' id='word_1_78' title='bbox 404 2669 560 2736; x_wconf 90' lang='lat' dir='ltr'><strong>Danaum</strong></span> <span class='ocrx_word' id='word_1_79' title='bbox 578 2668 648 2737; x_wconf 89' lang='lat' dir='ltr'><strong>sine</strong></span> <span class='ocrx_word' id='word_1_80' title='bbox 668 2666 807 2761; x_wconf 85' lang='lat' dir='ltr'><strong>praeside</strong></span> <span class='ocrx_word' id='word_1_81' title='bbox 824 2654 974 2750; x_wconf 48' lang='lat' dir='ltr'><strong>turmas·</strong></span> <span class='ocrx_word' id='word_1_82' title='bbox 997 2682 1000 2687; x_wconf 81' lang='grc'><em>“</em></span> 
     </span>
    </p>

    <p class='ocr_par' dir='ltr' id='par_1_16' title="bbox 71 2786 998 2880">
     <span class='ocr_line' id='line_1_16' title="bbox 71 2786 998 2880; baseline 0.003 -26"><span class='ocrx_word' id='word_1_83' title='bbox 71 2788 139 2854; x_wconf 89' lang='lat' dir='ltr'><strong>Ceu</strong></span> <span class='ocrx_word' id='word_1_84' title='bbox 158 2810 251 2855; x_wconf 86' lang='lat' dir='ltr'><strong>mare</strong></span> <span class='ocrx_word' id='word_1_85' title='bbox 264 2810 328 2880; x_wconf 88' lang='lat' dir='ltr'><strong>per</strong></span> <span class='ocrx_word' id='word_1_86' title='bbox 339 2789 506 2858; x_wconf 90' lang='lat' dir='ltr'><strong>tumidum</strong></span> <span class='ocrx_word' id='word_1_87' title='bbox 521 2789 628 2858; x_wconf 83' lang='lat' dir='ltr'><strong>viduae</strong></span> <span class='ocrx_word' id='word_1_88' title='bbox 642 2787 895 2858; x_wconf 83' lang='lat' dir='ltr'><strong>moderantibus</strong></span> <span class='ocrx_word' id='word_1_89' title='bbox 911 2786 998 2876; x_wconf 82' lang='lat' dir='ltr'><strong>alni,</strong></span> 
     </span>
    </p>

    <p class='ocr_par' dir='ltr' id='par_1_17' title="bbox 72 2908 1116 3129">
     <span class='ocr_line' id='line_1_17' title="bbox 72 2908 994 3007; baseline 0.002 -31"><span class='ocrx_word' id='word_1_90' title='bbox 72 2908 162 2996; x_wconf 86' lang='lat' dir='ltr'><strong>Quas</strong></span> <span class='ocrx_word' id='word_1_91' title='bbox 180 2913 292 3000; x_wconf 85' lang='lat' dir='ltr'><strong>Deus,</strong></span> <span class='ocrx_word' id='word_1_92' title='bbox 310 2925 344 2979; x_wconf 88' lang='lat' dir='ltr'><strong>et</strong></span> <span class='ocrx_word' id='word_1_93' title='bbox 364 2936 474 2997; x_wconf 85' lang='lat' dir='ltr'><strong>casus,</strong></span> <span class='ocrx_word' id='word_1_94' title='bbox 494 2926 775 3006; x_wconf 84' lang='lat' dir='ltr'><strong>tempestatesque</strong></span> <span class='ocrx_word' id='word_1_95' title='bbox 794 2912 994 3007; x_wconf 88' lang='lat' dir='ltr'><strong>gubernant.</strong></span> 
     </span>
     <span class='ocr_line' id='line_1_18' title="bbox 118 3027 1116 3129; baseline 0.004 -30"><span class='ocrx_word' id='word_1_96' title='bbox 118 3030 202 3100; x_wconf 90' lang='lat' dir='ltr'><strong>Inde</strong></span> <span class='ocrx_word' id='word_1_97' title='bbox 227 3034 356 3101; x_wconf 86' lang='lat' dir='ltr'><strong>animus</strong></span> <span class='ocrx_word' id='word_1_98' title='bbox 381 3027 506 3127; x_wconf 75' lang='lat' dir='ltr'><strong>Tyriis,</strong></span> <span class='ocrx_word' id='word_1_99' title='bbox 531 3059 599 3103; x_wconf 89' lang='lat' dir='ltr'><strong>non</strong></span> <span class='ocrx_word' id='word_1_100' title='bbox 625 3035 697 3129; x_wconf 86' lang='lat' dir='ltr'><strong>jam</strong></span> <span class='ocrx_word' id='word_1_101' title='bbox 721 3059 782 3104; x_wconf 91' lang='lat' dir='ltr'><strong>sua</strong></span> <span class='ocrx_word' id='word_1_102' title='bbox 803 3049 926 3121; x_wconf 88' lang='lat' dir='ltr'><strong>castra,</strong></span> <span class='ocrx_word' id='word_1_103' title='bbox 943 3032 1002 3102; x_wconf 90' lang='lat' dir='ltr'><strong>sed</strong></span> <span class='ocrx_word' id='word_1_104' title='bbox 1027 3030 1116 3103; x_wconf 86' lang='lat' dir='ltr'><strong>ultro</strong></span> 
     </span>
    </p>

    <p class='ocr_par' dir='ltr' id='par_1_18' title="bbox 73 3152 879 3252">
     <span class='ocr_line' id='line_1_19' title="bbox 73 3152 879 3252; baseline 0.009 -33"><span class='ocrx_word' id='word_1_105' title='bbox 73 3152 235 3222; x_wconf 85' lang='lat' dir='ltr'><strong>Hostilem</strong></span> <span class='ocrx_word' id='word_1_106' title='bbox 254 3178 386 3223; x_wconf 90' lang='lat' dir='ltr'><strong>servare</strong></span> <span class='ocrx_word' id='word_1_107' title='bbox 404 3152 533 3250; x_wconf 89' lang='lat' dir='ltr'><strong>sugam,</strong></span> <span class='ocrx_word' id='word_1_108' title='bbox 555 3181 597 3225; x_wconf 93' lang='lat' dir='ltr'><strong>ne</strong></span> <span class='ocrx_word' id='word_1_109' title='bbox 618 3155 704 3229; x_wconf 87' lang='lat' dir='ltr'><strong>forte</strong></span> <span class='ocrx_word' id='word_1_110' title='bbox 720 3160 879 3252; x_wconf 83' lang='lat' dir='ltr'><strong>Mycenas</strong></span> 
     </span>
    </p>

    <p class='ocr_par' dir='ltr' id='par_1_19' title="bbox 73 3274 921 3375">
     <span class='ocr_line' id='line_1_20' title="bbox 73 3274 921 3375; baseline 0.004 -31"><span class='ocrx_word' id='word_1_111' title='bbox 73 3277 230 3345; x_wconf 89' lang='lat' dir='ltr'><strong>Contenti</strong></span> <span class='ocrx_word' id='word_1_112' title='bbox 247 3274 520 3371; x_wconf 87' lang='lat' dir='ltr'><strong>rediissepetant</strong></span> <span class='ocrx_word' id='word_1_113' title='bbox 542 3304 550 3347; x_wconf 93' lang='lat'>:</span> <span class='ocrx_word' id='word_1_114' title='bbox 568 3278 626 3347; x_wconf 91' lang='lat' dir='ltr'><strong>dat</strong></span> <span class='ocrx_word' id='word_1_115' title='bbox 646 3295 772 3349; x_wconf 85' lang='lat' dir='ltr'><strong>tessera</strong></span> <span class='ocrx_word' id='word_1_116' title='bbox 788 3282 921 3375; x_wconf 89' lang='lat' dir='ltr'><strong>signum</strong></span> 
     </span>
    </p>

    <p class='ocr_par' dir='ltr' id='par_1_20' title="bbox 74 3396 946 3494">
     <span class='ocr_line' id='line_1_21' title="bbox 74 3396 946 3494; baseline 0.005 -30"><span class='ocrx_word' id='word_1_117' title='bbox 74 3397 248 3485; x_wconf 83' lang='lat' dir='ltr'><strong>Excubiis,</strong></span> <span class='ocrx_word' id='word_1_118' title='bbox 268 3396 450 3493; x_wconf 75' lang='lat' dir='ltr'><strong>positaeque</strong></span> <span class='ocrx_word' id='word_1_119' title='bbox 468 3402 556 3469; x_wconf 88' lang='lat' dir='ltr'><strong>vices</strong></span> <span class='ocrx_word' id='word_1_120' title='bbox 579 3426 587 3468; x_wconf 91' lang='lat'><strong>:</strong></span> <span class='ocrx_word' id='word_1_121' title='bbox 608 3399 676 3469; x_wconf 87' lang='lat' dir='ltr'><strong>dux</strong></span> <span class='ocrx_word' id='word_1_122' title='bbox 697 3402 805 3470; x_wconf 89' lang='lat' dir='ltr'><strong>noctis</strong></span> <span class='ocrx_word' id='word_1_123' title='bbox 822 3416 946 3494; x_wconf 84' lang='lat' dir='ltr'><strong>opertae</strong></span> 
     </span>
    </p>

    <p class='ocr_par' dir='ltr' id='par_1_21' title="bbox 75 3516 1044 3616">
     <span class='ocr_line' id='line_1_22' title="bbox 75 3516 1044 3616; baseline 0.002 -31"><span class='ocrx_word' id='word_1_124' title='bbox 75 3518 167 3587; x_wconf 88' lang='lat' dir='ltr'><strong>Sorte</strong></span> <span class='ocrx_word' id='word_1_125' title='bbox 183 3516 315 3613; x_wconf 84' lang='lat' dir='ltr'><strong>Meges,</strong></span> <span class='ocrx_word' id='word_1_126' title='bbox 336 3520 491 3615; x_wconf 90' lang='lat' dir='ltr'><strong>ultroque</strong></span> <span class='ocrx_word' id='word_1_127' title='bbox 510 3524 645 3616; x_wconf 86' lang='lat' dir='ltr'><strong>Lycus:</strong></span> <span class='ocrx_word' id='word_1_128' title='bbox 661 3522 801 3614; x_wconf 88' lang='lat' dir='ltr'><strong>jamque</strong></span> <span class='ocrx_word' id='word_1_129' title='bbox 816 3521 935 3591; x_wconf 88' lang='lat' dir='ltr'><strong>ordine</strong></span> <span class='ocrx_word' id='word_1_130' title='bbox 950 3520 1044 3613; x_wconf 91' lang='lat' dir='ltr'><strong>jusso</strong></span> 
     </span>
    </p>

    <p class='ocr_par' dir='ltr' id='par_1_22' title="bbox 75 3642 1079 3859">
     <span class='ocr_line' id='line_1_23' title="bbox 75 3642 1051 3739; baseline 0.001 -32"><span class='ocrx_word' id='word_1_131' title='bbox 75 3644 190 3727; x_wconf 81' lang='lat' dir='ltr'><strong>Arma,</strong></span> <span class='ocrx_word' id='word_1_132' title='bbox 209 3642 328 3737; x_wconf 88' lang='lat' dir='ltr'><strong>dapes,</strong></span> <span class='ocrx_word' id='word_1_133' title='bbox 345 3646 523 3739; x_wconf 87' lang='lat' dir='ltr'><strong>ignemque</strong></span> <span class='ocrx_word' id='word_1_134' title='bbox 538 3644 650 3713; x_wconf 84' lang='lat' dir='ltr'><strong>ierunt</strong></span> <span class='ocrx_word' id='word_1_135' title='bbox 668 3670 675 3711; x_wconf 93' lang='lat'><strong>:</strong></span> <span class='ocrx_word' id='word_1_136' title='bbox 696 3669 757 3712; x_wconf 85' lang='lat' dir='ltr'><strong>rex</strong></span> <span class='ocrx_word' id='word_1_137' title='bbox 777 3643 890 3711; x_wconf 88' lang='lat' dir='ltr'><strong>firmat</strong></span> <span class='ocrx_word' id='word_1_138' title='bbox 906 3655 1024 3710; x_wconf 89' lang='lat' dir='ltr'><strong>euntes</strong></span> <span class='ocrx_word' id='word_1_139' title='bbox 1043 3667 1051 3707; x_wconf 76' lang='grc' dir='ltr'><em>τ</em></span> 
     </span>
     <span class='ocr_line' id='line_1_24' title="bbox 118 3762 1079 3859; baseline 0 -29"><span class='ocrx_word' id='word_1_140' title='bbox 118 3797 134 3830; x_wconf 74' lang='lat' dir='ltr'><strong>u</strong></span> <span class='ocrx_word' id='word_1_141' title='bbox 154 3766 308 3835; x_wconf 88' lang='lat' dir='ltr'><strong>Victores</strong></span> <span class='ocrx_word' id='word_1_142' title='bbox 325 3770 502 3854; x_wconf 88' lang='lat' dir='ltr'><strong>Danaum,</strong></span> <span class='ocrx_word' id='word_1_143' title='bbox 522 3790 584 3835; x_wconf 87' lang='lat' dir='ltr'><strong>nec</strong></span> <span class='ocrx_word' id='word_1_144' title='bbox 605 3767 695 3834; x_wconf 90' lang='lat' dir='ltr'><strong>enim</strong></span> <span class='ocrx_word' id='word_1_145' title='bbox 718 3764 776 3834; x_wconf 89' lang='lat' dir='ltr'><strong>lux</strong></span> <span class='ocrx_word' id='word_1_146' title='bbox 795 3764 940 3833; x_wconf 88' lang='lat' dir='ltr'><strong>crastina</strong></span> <span class='ocrx_word' id='word_1_147' title='bbox 959 3762 1079 3859; x_wconf 83' lang='lat' dir='ltr'><strong>longe,</strong></span> 
     </span>
    </p>

    <p class='ocr_par' dir='ltr' id='par_1_23' title="bbox 78 3886 858 3981">
     <span class='ocr_line' id='line_1_25' title="bbox 78 3886 858 3981; baseline 0.009 -31"><span class='ocrx_word' id='word_1_148' title='bbox 78 3886 142 3954; x_wconf 87' lang='lat' dir='ltr'><strong>Nec</strong></span> <span class='ocrx_word' id='word_1_149' title='bbox 161 3912 235 3980; x_wconf 84' lang='lat' dir='ltr'><strong>quae</strong></span> <span class='ocrx_word' id='word_1_150' title='bbox 249 3912 310 3981; x_wconf 89' lang='lat' dir='ltr'><strong>pro</strong></span> <span class='ocrx_word' id='word_1_151' title='bbox 331 3888 455 3957; x_wconf 91' lang='lat' dir='ltr'><strong>timidis</strong></span> <span class='ocrx_word' id='word_1_152' title='bbox 472 3889 690 3958; x_wconf 89' lang='lat' dir='ltr'><strong>intercessere</strong></span> <span class='ocrx_word' id='word_1_153' title='bbox 711 3886 858 3957; x_wconf 87' lang='lat' dir='ltr'><strong>tenebrae</strong></span> 
     </span>
    </p>

    <p class='ocr_par' dir='ltr' id='par_1_24' title="bbox 78 4007 1076 4105">
     <span class='ocr_line' id='line_1_26' title="bbox 78 4007 1076 4105; baseline 0.004 -33"><span class='ocrx_word' id='word_1_154' title='bbox 78 4008 212 4102; x_wconf 87' lang='lat' dir='ltr'><strong>Semper</strong></span> <span class='ocrx_word' id='word_1_155' title='bbox 226 4024 342 4093; x_wconf 87' lang='lat' dir='ltr'><strong>erunt,</strong></span> <span class='ocrx_word' id='word_1_156' title='bbox 360 4025 479 4104; x_wconf 88' lang='lat' dir='ltr'><strong>augete</strong></span> <span class='ocrx_word' id='word_1_157' title='bbox 499 4012 693 4097; x_wconf 88' lang='lat' dir='ltr'><strong>animos,·et</strong></span> <span class='ocrx_word' id='word_1_158' title='bbox 710 4011 810 4105; x_wconf 90' lang='lat' dir='ltr'><strong>digna</strong></span> <span class='ocrx_word' id='word_1_159' title='bbox 828 4007 981 4079; x_wconf 90' lang='lat' dir='ltr'><strong>secundis</strong></span> <span class='ocrx_word' id='word_1_160' title='bbox 1070 4044 1076 4051; x_wconf 86' lang='lat'>.</span> 
     </span>
    </p>

    <p class='ocr_par' dir='ltr' id='par_1_25' title="bbox 81 4128 948 4228">
     <span class='ocr_line' id='line_1_27' title="bbox 81 4128 948 4228; baseline 0.008 -34"><span class='ocrx_word' id='word_1_161' title='bbox 81 4128 213 4199; x_wconf 86' lang='lat' dir='ltr'><strong>Pectora</strong></span> <span class='ocrx_word' id='word_1_162' title='bbox 231 4131 315 4200; x_wconf 86' lang='lat' dir='ltr'><strong>serte</strong></span> <span class='ocrx_word' id='word_1_163' title='bbox 336 4134 440 4201; x_wconf 91' lang='lat' dir='ltr'><strong>Deis:</strong></span> <span class='ocrx_word' id='word_1_164' title='bbox 457 4133 546 4226; x_wconf 89' lang='lat' dir='ltr'><strong>jacet</strong></span> <span class='ocrx_word' id='word_1_165' title='bbox 565 4134 674 4202; x_wconf 90' lang='lat' dir='ltr'><strong>omnis</strong></span> <span class='ocrx_word' id='word_1_166' title='bbox 691 4132 797 4228; x_wconf 90' lang='lat' dir='ltr'><strong>gloria</strong></span> <span class='ocrx_word' id='word_1_167' title='bbox 812 4136 948 4220; x_wconf 76' lang='lat' dir='ltr'><strong>Lerna,</strong></span> 
     </span>
    </p>
   </div>
   <div class='ocr_carea' id='block_1_5' title="bbox 0 0 1492 4950">
    <p class='ocr_par' dir='ltr' id='par_1_26' title="bbox 0 0 1492 4950">
     <span class='ocr_line' id='line_1_28' title="bbox 0 0 1492 4950; baseline 0 0"><span class='ocrx_word' id='word_1_168' title='bbox 0 0 1492 4950; x_wconf 95' lang='lat' dir='ltr'><strong> </strong></span> 
     </span>
    </p>
   </div>
  </div>
 </body>
</html>
