2934 4950
63 422 172 485 (nm-l
370 422 582 479 Tunnnmos
603 424 711 481 mun
732 426 780 481 IV.

64 544 198 614 Elicitos
219 550 380 639 putuisse,
399 550 514 636 refert,
532 552 731 645 letheaque
749 574 855 638 secra,

63 671 103 733 Et
123 692 269 735 mersum
286 670 408 738 Ismeni
428 672 542 739 subter
560 672 704 740 conlinia
725 688 829 767 ponto

63 788 250 876 Miscentis,
268 804 364 883 purat
380 806 460 859 ante
478 792 616 879 ducem,
637 795 827 889 circumque
846 794 1019 865 bidentum

65 910 251 979 Visceribus
268 908 400 997 laceris,
419 927 452 980 et
468 912 563 982 odori
582 913 717 982 sulfuris
735 939 832 1001 aura,

67 1031 343 1127 Graminibusque
362 1034 476 1121 novis,
494 1050 528 1103 et
546 1032 648 1130 longo
665 1060 837 1105 murmure
857 1054 989 1134 purgat.
1061 1050 1064 1061 '

112 1150 201 1221 Silva
219 1179 326 1248 capax
341 1158 418 1239 aevi,
437 1154 610 1250 validaque
626 1158 762 1225 incurva
780 1172 932 1244 senecta,

69 1274 238 1342 AEternum
257 1277 395 1345 intonsae
413 1275 554 1364 frondis,
572 1292 637 1346 stat
653 1278 766 1372 pervia
785 1276 883 1348 nullis

69 1393 218 1463 Solibus:
236 1395 326 1465 haud
346 1396 436 1466 illem
453 1397 580 1466 brumes
596 1398 763 1486 minuere,
780 1402 931 1469 Notusve

68 1519 121 1583 Jus
136 1516 252 1604 habet,
270 1532 330 1586 aut
348 1519 466 1587 Getica
484 1522 606 1587 Boreas
623 1519 787 1613 impactus
806 1518 848 1587 ab
866 1524 961 1590 Ursn.

70 1638 184 1705 Subter
200 1663 306 1734 opaca
322 1639 430 1732 quies,
451 1654 641 1731 vacuusque
653 1637 783 1707 silentia
802 1654 910 1709 servat

70 1762 201 1847 Horror,
221 1776 256 1829 et
273 1758 417 1830 excluse
436 1758 538 1852 pallet
558 1758 644 1829 mela
664 1758 746 1829 lucis
766 1762 885 1857 imngo.

71 1883 136 1949 Nec
153 1897 242 1952 meet
260 1884 380 1951 umbra
397 1886 494 1951 Deo:
511 1880 639 1951 neniori
659 1885 801 1952 Latonia
822 1884 943 1953 cultrix

72 2002 229 2073 Additur:
247 2005 335 2073 banc
351 1994 467 2098 p'iceae,
489 2003 663 2098 cedrique,
681 2020 715 2073 et
730 2006 850 2075 robore
866 2006 901 2074 in
921 2008 1009 2075 omni

73 2122 233 2214 Effictam,
253 2128 377 2196 sanctis
396 2124 542 2195 occultat
559 2126 641 2195 silve
659 2127 813 2196 tenebris.

74 2248 172 2339 Hujus
189 2250 366 2344 inaspectae
382 2247 457 2317 luco
475 2247 615 2316 stridere
633 2250 776 2342 sagittae,

76 2368 298 2465 Nocturnique
316 2394 437 2439 canum
453 2370 615 2465 gemitus,
639 2369 695 2437 ubi
715 2366 829 2439 limina
848 2371 959 2464 patrui

77 2489 212 2587 Effingit,
232 2496 335 2588 inque
350 2518 444 2563 novae
461 2482 581 2562 melior
595 2491 683 2562 redit
699 2517 759 2560 ora
776 2494 902 2561 Dianae.

77 2614 129 2681 Ast
146 2615 202 2685 ubi
221 2616 306 2686 fessa
323 2617 427 2711 jugis,
449 2613 629 2708 dulcesque
646 2613 805 2683 altissima
823 2637 956 2682 somnos

78 2736 143 2804 Lux
158 2755 288 2826 movet,
306 2739 362 2807 bic
382 2737 446 2807 late
460 2734 579 2831 jaculis
595 2737 720 2805 circum
740 2735 887 2829 undique
903 2733 992 2823 fixis,

78 2855 212 2928 Effusam
231 2861 390 2955 pharetra
407 2861 571 2927 cervicem
590 2872 730 2951 excepte
746 2858 895 2951 quiescit.

120 2983 217 3052 Extra
236 2984 383 3054 immane
399 2996 534 3076 patent,
552 2977 648 3048 tellus
666 2978 852 3065 Mavortia,
873 2978 1002 3070 campi,

80 3103 181 3174 roetus
198 3130 276 3201 eger
293 3103 433 3176 Cadmo.
451 3106 568 3173 Durus
586 3101 644 3194 qui
665 3123 799 3169 vomere
819 3102 928 3194 primo

81 3223 151 3291 Post
166 3226 426 3322 consanguineas
444 3223 546 3310 acies,
564 3220 741 3316 sulcosque
760 3233 935 3307 nocentes,
1003 3265 1005 3272 ·
1027 3263 1031 3271 ι

85 3347 181 3416 lusus
197 3349 339 3418 humum
357 3370 508 3433 versare,
528 3359 562 3413 et
581 3343 692 3438 putria
710 3342 871 3437 sanguine
888 3357 983 3438 prata

85 3465 186 3537 Eruit:
210 3471 362 3566 ingentes
380 3465 496 3537 infelix
516 3482 605 3534 terra
623 3462 790 3532 tumultus
896 3509 898 3512 -

86 3586 174 3657 Lucis
191 3591 300 3662 adbuc
317 3589 450 3676 medio,
471 3586 609 3680 solaque
626 3588 661 3654 in
681 3599 780 3654 nocte
798 3609 857 3679 per
877 3584 1014 3654 umbros
1041 3649 1045 3656 ,
1072 3621 1074 3627 ·

87 3709 246 3806 Exspirnt,
268 3714 356 3810 nigri
373 3733 479 3807 quum
500 3733 583 3778 rnna
603 3707 639 3776 in
658 3698 773 3802 proelia
795 3719 938 3799 surgunt

88 3829 285 3929 Terrigenas:
305 3836 394 3931 sugit
411 3836 545 3927 incepto
564 3827 802 3899 tremebundus
818 3827 860 3896 ab
881 3851 961 3904 arvo
1065 3861 1067 3868 >
1179 3841 1183 3848 '

90 3955 250 4048 Agricola,
266 3960 446 4053 insanique·
461 3956 600 4025 domum
619 3949 748 4020 rediere
765 3950 910 4043 juvenci.

134 4080 191 4148 Hic
209 4085 316 4151 senior
331 4094 425 4149 vates
440 4075 586 4175 (Stygiis
602 4071 818 4144 accommoda
837 4073 962 4166 quippe
