2934 4950
316 399 357 454 IN
378 400 408 454 P.
430 402 460 454 P.
482 400 604 455 STATll
627 401 733 456 THEB.
759 402 829 456 Llll.
851 404 901 459 XI.
1078 410 1134 479 337

79 536 97 572 e
118 518 222 592 glossa.
248 513 321 572 Inde
347 527 441 572 tamen
468 516 662 594 Lindenbrog.
688 528 716 571 et
734 519 829 573 Barth.
853 519 1008 576 effecerunt
1024 541 1031 577 :
1047 547 1062 573 a
1077 526 1136 580 Nec

77 620 189 664 turma
208 607 341 678 hostiles,
360 608 468 664 lenum
483 621 532 664 aut
550 611 670 664 mortale
693 607 817 680 timetur,
833 634 848 660 n
866 611 908 666 uti
923 614 1005 685 plane
1026 615 1096 692 Reg.
1117 635 1134 672 a

77 719 149 758 saec.
163 719 219 757 ιιι.

130 795 206 849 Tunc
219 794 298 850 aviiii
314 791 353 872 (v.
375 790 433 870 30).
449 793 617 850 Rectissimo
629 794 740 866 judicio
756 796 907 854 Barthius:
924 799 1057 873 «Optimi
1075 801 1135 857 duo

77 885 154 942 libri
176 905 229 942 nec
256 888 350 942 volam
371 903 424 942 nec
442 887 592 963 vestigium
611 886 697 960 hujus
715 907 812 945 versus
833 893 1135 967 agnoscunt.'0ptime

79 997 242 1034 ommno.»

130 1073 288 1128 Tumultnm
318 1067 357 1149 (v.
392 1069 449 1148 33).
474 1074 545 1142 ΜΒ,
575 1075 623 1128 ΡΒ
652 1094 658 1128 :
681 1077 835 1142 turnultus,
856 1077 938 1149 quod
960 1096 1059 1134 verum
1087 1079 1133 1134 ri-

81 1165 183 1220 detur.

128 1259 235 1314 Moeret
253 1258 291 1313 ab
312 1261 374 1315 alto
399 1258 435 1334 (v.
458 1255 518 1336 46).
541 1259 722 1315 «Melioresn
742 1261 852 1330 earu„
871 1264 957 1333 Dan,
974 1265 1022 1318 PR
1041 1284 1047 1317 :
1063 1287 1079 1315 ι
1098 1265 1136 1320 ab

80 1352 182 1406 astrei.
193 1375 208 1402 n
221 1383 262 1393 -
274 1351 341 1426 Seq.
351 1371 436 1408 versu
453 1354 524 1422 ΜΒ,
543 1353 643 1408 Behot.
666 1371 677 1407 1
700 1372 707 1408 ε
723 1356 843 1411 Nemees
857 1357 887 1410 in
903 1376 944 1422 s.,
958 1355 1052 1411 minus
1065 1357 1137 1414 boni

82 1443 217 1499 Nemeoe.
232 1443 290 1499 Sed
303 1454 381 1501 reete
397 1446 526 1500 Gronov.
545 1445 706 1501 emendavit
721 1448 866 1502 Nemeaea.

127 1553 165 1605 In
179 1550 307 1624 margine
327 1553 411 1604 turris
426 1548 464 1627 (v.
482 1547 540 1627 49).
564 1551 721 1607 uMeliores
743 1552 811 1608 libri
825 1551 862 1630 [et
875 1553 954 1630 ch.
964 1551 1005 1630 1]‚
1022 1554 1134 1621 leinine,

81 1643 207 1699 omnino
223 1642 356 1698 melius.»
371 1644 481 1698 Banna.
496 1645 558 1698 Put.
575 1663 581 1698 :
596 1645 725 1699 culmine.

128 1737 215 1791 Totos
237 1735 274 1810 (v.
294 1731 353 1812 δα).
375 1754 392 1792 a
415 1737 512 1790 Barth.
528 1756 535 1789 :
554 1738 668 1791 celeres.
690 1738 725 1790 In
745 1755 809 1810 sqq.
833 1737 957 1792 Ennium
972 1738 1135 1812 expressit:

82 1829 174 1902 cujus
187 1827 217 1882 hi
236 1846 336 1884 versus
349 1828 455 1883 servati
473 1821 540 1884 sunt
558 1847 573 1883 a
591 1827 761 1884 Lactantio:

196 2005 327 2066 Quumque
341 2000 538 2068 eupolemum,
554 2016 651 2050 carmen
666 2000 725 2052 tuba
739 2002 788 2052 sola
804 2002 906 2068 peregit,

196 2087 226 2133 Et
242 2093 358 2150 pereunte
373 2084 426 2134 viro
440 2100 538 2134 rauetrm
552 2099 623 2134 sonus
638 2101 684 2134 ere
698 2085 811 2134 cucurrit.

83 2251 212 2304 Versum
228 2245 265 2312 54
280 2259 356 2304 recte
375 2247 512 2322 explicuit
532 2248 622 2304 Gloss.
639 2268 646 2302 ι
662 2250 812 2304 «Persona
824 2248 948 2304 hominis
968 2249 1008 2304 ita
1027 2250 1136 2304 consti·

83 2339 198 2398 tuenda
213 2351 271 2412 est,
291 2352 323 2395 ut
346 2341 413 2397 totis
433 2339 542 2396 viribus
562 2338 664 2396 inflans
688 2342 803 2411 tubam,
821 2342 920 2397 levam
941 2358 1056 2396 manum
1075 2344 1139 2398 auri

85 2433 209 2490 sinistrae
223 2432 422 2507 applicaverit,
437 2443 525 2509 caput
537 2443 697 2490 sustentans
711 2433 766 2505 sic,
779 2445 813 2489 ut
826 2432 1069 2491 vehementiorem
1083 2431 1133 2489 fla-

85 2539 149 2583 tum
164 2528 318 2583 haberet.»

126 2622 218 2675 Retur
232 2618 270 2696 (v.
286 2618 344 2695 59).
365 2619 425 2676 Soli
441 2637 457 2674 a
473 2621 561 2697 Regg.
578 2632 606 2675 et
624 2630 692 2675 vett.
708 2622 820 2695 aliquot
835 2618 901 2675 edd.
917 2645 930 2669 ι
940 2616 1018 2691 fidit,
1032 2644 1044 2668 ν
1059 2638 1075 2675 e
1088 2620 1138 2696 gl,

87 2727 119 2770 ut
134 2714 261 2770 videtur.
277 2715 345 2769 Post
357 2731 385 2769 v.
403 2712 441 2780 64
466 2732 522 2786 pro
547 2733 648 2770 nornen
671 2715 726 2770 ΜΒ
744 2733 752 2767 :
771 2732 889 2781 mmen,
900 2736 916 2763 a
937 2713 1022 2787 prob.
1042 2714 1138 2768 Barth.

127 2806 264 2881 Abrupta
278 2818 418 2862 terranem
432 2808 507 2861 mole
516 2806 553 2879 (v.
570 2802 629 2883 72).
645 2829 660 2856 α
669 2807 797 2862 Omnino
811 2805 994 2861 scribendum
1009 2822 1044 2859 ex
1059 2815 1138 2878 opt:

85 2910 196 2974 erupta
217 2919 226 2953 .·
245 2917 367 2972 prorsus
383 2897 471 2973 digna
491 2897 611 2972 Papinio
624 2897 783 2973 sc1·iptura;
798 2916 851 2953 nec
872 2897 955 2953 aliam
974 2896 1068 2971 poscit
1089 2906 1140 2952 aut

87 2992 217 3051 admittit
232 2992 381 3049 sententia.
395 3015 410 3043 a
430 2994 538 3047 Bnnru.
1073 3048 1076 3053 ,

127 3099 274 3174 Sangarite
280 3098 429 3173 soedatum
445 3096 483 3175 (v.
499 3095 558 3175 86).
577 3097 663 3151 Multi
681 3096 785 3153 codd:
799 3096 980 3169 foedantem,
996 3112 1057 3150 non
1070 3094 1140 3152 alie-

86 3211 159 3249 num
179 3193 215 3248 ab
230 3212 284 3248 usu
300 3193 405 3247 horum
417 3201 578 3265 poetarum.

130 3286 351 3358 Argolicumque.
366 3284 481 3360 inpelle
495 3281 533 3361 (v.
559 3281 634 3359 ιιο).
650 3282 758 3339 Verum
775 3282 895 3337 fortasse
909 3280 992 3355 quod
1008 3280 1141 3354 praebent

88 3380 143 3435 ΜΒ
164 3388 193 3433 et
208 3395 224 3432 a
239 3379 275 3433 al.
292 3377 388 3433 Barth.
405 3374 613 3451 :uirgolicum
627 3388 656 3429 tu
669 3374 738 3448 imp.
749 3398 764 3425 a

129 3475 280 3545 Austerque
288 3489 364 3525 ¹traco
371 3470 557 3545 procumbere
571 3470 675 3523 dextra
690 3466 727 3543 (v.
748 3464 823 3543 124).
839 3490 852 3517 α
862 3465 898 3522 Id
912 3477 966 3537 est,
980 3483 1065 3521 ausus
1077 3484 1141 3521 me·

88 3565 166 3634 reri,
179 3575 213 3619 ut
226 3584 289 3621 mea
308 3564 512 3639 procumberet
526 3563 635 3618 dextra.
649 3586 661 3611 ι»
675 3562 772 3616 Geor.
784 3563 891 3617 Ceterae
906 3558 1042 3616 lectiones
1056 3558 1093 3615 ab
1107 3560 1141 3617 iis

91 3658 248 3733 proiectae,
263 3658 314 3731 qui
327 3659 383 3714 hoc
400 3676 460 3713 non
473 3656 672 3730 intelligerent.

130 3764 257 3821 Parcere
270 3764 375 3819 racundo
389 3761 427 3839 (v.
449 3760 524 3839 131).
542 3760 576 3815 ld
593 3770 635 3815 est
644 3760 724 3815 coelo.
736 3760 834 3828 Quare
850 3762 923 3815 mue
936 3758 1046 3832 aliquot
1055 3754 1140 3811 codd.

91 3858 174 3912 coelo.
200 3852 272 3911 lude
295 3858 378 3931 virgo
398 3858 480 3911 alnao
507 3866 548 3910 est
574 3856 695 3923 Astraea,
718 3852 755 3907 de
778 3870 835 3925 qua
860 3870 885 3907 v.
905 3848 1012 3906 Barthii
1034 3859 1140 3905 notam.

135 3948 184 4004 Sic
202 3945 242 4003 ire
249 3949 381 4024 parabat
394 3945 430 4026 (v.
452 3949 506 4015 143
526 3946 589 4022 sq).
600 3946 688 4001 Recte
704 3944 883 4018 explicantur
896 3945 954 3999 haec
968 3942 1005 3998 ab
1020 3945 1142 3997 Lactan-

92 4043 133 4097 tio
150 4062 157 4096 :
173 4042 262 4097 «Non
282 4042 321 4098 sic
339 4042 460 4116 parabat
477 4042 542 4097 viro
562 4060 614 4097 suo
629 4056 782 4095 occurrere
798 4057 805 4091 ι
824 4056 884 4112 quo
902 4054 980 4091 nunc
1000 4034 1098 4089 habitu
1112 4032 1143 4110 [e

172 4170 208 4215 ll.
976 4164 1017 4207 22
