2934 4950
693 393 724 446 P.
745 390 870 447 PUBLll
890 390 1025 446 sumu·

430 523 474 588 Et
494 531 693 604 mustaceus,
713 531 747 584 et
766 515 890 585 latente
909 514 1020 609 palma

430 637 643 734 Praegrandes
663 635 848 731 caryotides
866 635 1037 704 cadebant.

431 761 508 828 Non
530 759 628 826 tantis
645 761 734 850 Hyas
753 758 904 824 inserena
923 755 1044 822 nimbis

433 882 551 948 Terras
572 879 700 964 obmit,
719 890 777 945 aut
797 873 904 945 soluta
922 873 1042 959 Pleias,

432 996 533 1089 Quali
554 1022 613 1092 per
632 1020 755 1066 cuneos
772 995 878 1065 hiems
897 995 1034 1064 Latinos

431 1117 566 1189 Plebem
585 1115 748 1211 grandine
766 1116 915 1184 concutit
934 1113 1113 1183 sedentem.

433 1244 544 1309 Ducat
561 1234 675 1305 nubila
693 1237 848 1330 luppiter
867 1260 927 1328 per
945 1233 1076 1321 orbem,

433 1363 475 1428 Et
495 1356 576 1427 laetis
595 1354 724 1450 pluvias
744 1356 891 1423 minetur
910 1355 1013 1450 agris,

433 1481 524 1546 Dum
543 1475 648 1545 nostri
667 1475 757 1545 Jovis
776 1474 811 1543 hi
832 1474 981 1543 ferantur
999 1475 1128 1543 imbres.

481 1601 567 1666 Ecce
588 1609 698 1664 autem
717 1619 832 1664 caveas
852 1595 939 1664 subit
957 1620 1017 1689 per
1035 1621 1165 1684 omnes,

431 1718 574 1812 Insignis
594 1715 716 1809 specie,
737 1713 857 1783 decora
875 1712 967 1784 cultu

434 1835 549 1906 Plebes
570 1833 688 1922 altera,
709 1859 778 1904 non
797 1835 908 1902 minor
927 1833 1070 1904 sedente.
1121 1837 1124 1842 ’

434 1959 478 2026 Hi
497 1955 649 2050 panaria,
668 1953 891 2048 candidasque
909 1978 1048 2049 mappas

436 2076 656 2161 subvectant,
676 2073 855 2167 epulasque
875 2073 1046 2159 lautiorem

436 2192 491 2264 Illi
512 2193 657 2263 marcida
675 2194 755 2261 vina
774 2192 961 2288 largiuntur
981 2221 989 2263 ε
1033 2206 1035 2209 ’

436 2314 540 2384 Idaeos
562 2312 698 2382 totidem
719 2327 815 2406 putes
834 2315 1012 2384 ministros.

437 2435 577 2522 Orbem,
598 2457 664 2529 qua
683 2430 801 2504 melior
819 2436 1030 2530 severiorque
1050 2450 1119 2525 est,

438 2560 480 2625 Et
500 2568 614 2651 gentes
634 2551 695 2624 alis
713 2553 848 2624 insimul
866 2570 1012 2653 togatam

438 2680 481 2746 Et
499 2699 604 2769 quum
622 2688 671 2744 tot
690 2674 831 2768 populos
848 2676 946 2745 beata
964 2702 1091 2773 pascas,

439 2800 552 2880 Hunc,
574 2798 735 2881 Annona,
755 2794 842 2863 diem
862 2796 1004 2889 superba
1023 2801 1137 2866 nescis.

417 2918 455 3007 ¹I
474 2898 564 2984 nunc
581 2912 698 2984 saecula
717 2937 890 3007 compara,
908 2917 1077 3002 Vetustas,

440 3036 580 3127 Antiqui
598 3035 702 3120 Jovis,
721 3056 925 3125 aureumque
945 3048 1075 3130 tempus
1096 3062 1104 3103 :

436 3156 514 3222 Non
534 3155 580 3222 sic
600 3150 703 3220 libera
724 3152 803 3220 vina
822 3166 903 3220 tunc
923 3153 1089 3243 fluebant,

436 3276 506 3344 Nec
525 3272 657 3341 tardum
675 3296 767 3366 seges
786 3272 971 3365 occupabat
989 3299 1126 3344 aunum.

353 3478 357 3499 .
437 3396 515 3464 Una
534 3393 677 3461 rescitur
695 3392 803 3460 omnis
823 3392 906 3461 ordo
925 3418 1052 3481 mensa,

435 3513 550 3599 Parvi,
569 3511 707 3597 femina,
728 3510 836 3605 plebs,
857 3538 972 3607 eques,
992 3530 1135 3584 senatus.

438 3631 588 3701 Libertas
606 3634 827 3702 reverentiam
848 3636 988 3721 remisit;

437 3757 481 3821 Et
494 3766 529 3821 tu
548 3752 630 3845 quin
650 3754 752 3820 etiam
772 3754 866 3849 (quis
883 3756 947 3824 hoc
966 3779 1103 3851 rogare,

440 3873 525 3959 Quis
544 3872 738 3965 promittere
758 3888 867 3969 posset
886 3874 949 3944 hoc
969 3875 1155 3969 Deoruml)

439 3991 621 4061 Nobiscum
641 3992 745 4061 socias
764 3993 865 4087 dapes
885 3996 987 4064 inisti.
