2934 4950
713 429 1011 488 ADNOTATIONES

712 698 753 752 IN
776 696 927 752 LIBRUM
950 696 1018 750 ΧΠ.

383 925 520 1001 llvpidas
535 924 626 980 subr’to
637 923 771 980 Tithonia
783 918 822 998 (r.
837 917 876 998 3).
891 921 937 976 Sic
953 921 971 975 3
986 919 1108 988 Berthii,
1122 920 1235 975 Behott
1246 931 1275 976 et
1284 921 1381 996 Rege

341 1017 491 1076 recentior.
509 1017 566 1074 Sed
586 1016 688 1086 ceteri,
703 1025 738 1070 ut
754 1015 879 1084 videtur,
896 1032 1003 1090 magno
1018 1032 1141 1070 numero
1165 1033 1172 1068 ε
1194 1039 1207 1062 a
1217 1025 1253 1070 tr.
1269 1015 1383 1086 udijam

339 1115 371 1169 T.
382 1137 395 1163 s
404 1142 445 1155 -
457 1111 556 1167 Paullo
571 1120 639 1185 post
657 1127 770 1164 versum
785 1104 803 1162 5
817 1115 895 1162 reete
910 1106 1033 1181 explieat
1048 1106 1128 1163 weh.
1145 1127 1152 1162 :
1165 1131 1178 1156 ι
1191 1108 1255 1163 lam
1266 1109 1398 1185 possim„
1452 1096 1453 1187 l

339 1223 416 1260 nunc
433 1221 469 1260 ex
487 1203 554 1273 hee,
567 1219 644 1258 nuno
652 1219 688 1258 ex
701 1199 751 1256 illu
767 1199 857 1255 domo
870 1197 958 1275 [non‚
974 1210 1006 1254 ut
1015 1196 1153 1274 flagrante
1165 1199 1260 1269 bello,
1277 1217 1384 1256 exom-
1452 1212 1453 1215 ’

339 1293 449 1373 nibus,]
467 1295 616 1370 prodeunt
631 1292 752 1370 agmine

382 1389 537 1464 campique
550 1388 681 1444 wantis
695 1383 734 1465 (v.
753 1382 809 1462 ιι).
833 1403 845 1439 1
857 1383 992 1440 Burth.in
1006 1386 1133 1460 margine
1148 1405 1155 1438 ε
1169 1410 1182 1435 ι
1191 1387 1238 1441 vel
1246 1387 1381 1448 mur.

339 1482 446 1539 seilicet
459 1481 496 1537 nd
513 1497 649 1558 pugnam.
664 1504 677 1530 »

384 1575 654 1650 Vaeuripuedolores
674 1571 711 1650 (v.
732 1568 790 1649 38).
811 1573 888 1648 Lege
911 1591 927 1629 e
949 1572 1024 1644 conj.
1044 1574 1172 1628 Gronov.
1193 1591 1201 1626 :
1222 1595 1238 1622 c
1254 1591 1282 1627 v.
1301 1573 1380 1627 dolo-
1453 1592 1454 1629 ς

340 1671 380 1725 n's
387 1709 397 1738 ,
412 1692 428 1721 ι
442 1687 479 1726 sc.
495 1677 584 1724 enni.

380 1759 587 1838 Magnam'mus
610 1772 700 1816 tautoe
713 1772 741 1814 te
754 1757 793 1835 (v.
809 1755 867 1836 72).
884 1759 955 1814 Cod.
974 1758 1057 1814 Lind.
1082 1780 1089 1814 z
1106 1761 1323 1833 «mugnam'moe
1336 1761 1378 1813 ni·

339 1857 411 1911 mins
426 1864 463 1911 te.
478 1877 494 1906 ι

379 1945 559 2020 Miltiflebile
575 1965 689 2023 semper
702 1947 814 2004 Numen
832 1947 886 2003 eris
902 1943 941 2023 (v.
956 1961 992 2014 77
1007 1940 1070 2021 sq.).
1086 1946 1216 2000 Gronov.
1226 1943 1378 2000 inElenci
1454 2012 1455 2015 Ἰ

339 2040 509 2105 Anticliam,
530 2057 558 2113 p.
584 2055 637 2114 92,
653 2039 754 2098 scribit
774 2042 912 2096 Nomen:
932 2036 1069 2111 idemque
1086 2038 1241 2111 proposuit
1262 2037 1378 2094 Valcke-

339 2151 398 2190 nur.
413 2131 452 2189 ed
464 2131 532 2187 Eur.
553 2131 674 2202 Placen,
691 2129 1101 2205 1324,c.hacexp1.:«dum
1120 2129 1232 2186 civibus
1250 2141 1378 2205 tanqum

336 2241 444 2282 numen
458 2224 611 2296 coleretur,
625 2235 726 2282 moestu
744 2238 840 2283 temen
859 2223 974 2300 parenti
992 2241 1105 2296 semper
1122 2235 1197 2279 esset
1209 2243 1312 2280 nomen
1330 2222 1377 2278 fle·

336 2317 403 2374 bile.
412 2341 425 2368 ι
436 2316 494 2374 Sed
508 2316 592 2374 Statii
609 2335 669 2374 esse
685 2316 803 2374 videtur
815 2319 935 2374 Numen.
950 2316 993 2372 Cf.
1014 2325 1043 2370 et
1062 2332 1089 2370 v.
1110 2314 1173 2371 ιο3.

380 2410 435 2468 cm·
446 2411 509 2466 nr'ta
525 2407 653 2489 (nefarl)
671 2423 700 2466 et
718 2412 859 2488 sanguine
877 2407 916 2489 (v.
935 2408 993 2487 83).
1010 2411 1163 2465 Burmann
1180 2419 1210 2464 et
1224 2409 1326 2465 Marti.
1343 2410 1378 2462 od
1455 2472 1456 2480 ἵ

340 2504 421 2573 8ἰ1ν.,
438 2522 481 2575 ιι,
496 2504 530 2577 6,
544 2502 578 2575 3,
592 2523 608 2560 e
622 2504 686 2561 cod.
702 2507 777 2561 Petr.
795 2521 803 2559 ε
818 2505 1025 2578 cuisangnr'ne.
1039 2506 1195 2578 Vulgutnm
1207 2503 1317 2561 melius
1455 2485 1456 2526 l

381 2596 546 2672 Quoepatri
565 2596 685 2652 nonum
706 2598 850 2672 gestanda
871 2597 977 2651 dedesti
995 2594 1033 2671 (v.
1052 2593 1112 2673 90).
1134 2596 1203 2651 «Itu
1217 2596 1338 2667 dedisti,
1350 2606 1377 2651 ut

336 2688 424 2746 nimie
445 2690 472 2745 ei
492 2690 571 2746 dono
589 2689 770 2764 impenderes
791 2709 798 2743 :
818 2687 961 2764 impendit
974 2699 1070 2744 autem
1088 2688 1212 2743 vitum»
1226 2691 1310 2745 Wne.
1327 2690 1377 2745 Sed

338 2784 394 2839 hoe
406 2784 492 2839 unire
503 2784 638 2839 convenit
656 2783 829 2856 conjecture
844 2782 951 2840 Jortini
966 2804 973 2837 :
987 2782 1092 2851 πίηιὼ,
1105 2801 1171 2857 quae
1187 2801 1258 2839 vera
1271 2784 1377 2840 essevi·

339 2875 432 2931 detur.
443 2876 619 2951 Interpolate
631 2878 679 2932 Pll
691 2896 697 2932 :
713 2878 861 2933 minimum
872 2876 1058 2930 laetandu-
1067 2878 1150 2947 Post,
1159 2894 1187 2931 v.
1198 2876 1253 2950 93,
1264 2879 1379 2932 Deserit

340 2968 468 3043 «spoliet
482 2979 586 3025 ornatu
600 2988 675 3025 suo»
690 2966 792 3047 (caput
805 2969 981 3040 diademate,
994 2968 1127 3025 demum
1134 2968 1270 3049 seeptro).
1286 2973 1377 3027 Grues

378 3061 435 3116 Hei
446 3060 619 3136 mihi,quod
632 3060 668 3137 (v.
678 3060 737 3139 99).
747 3062 843 3117 Barth.
854 3061 892 3118 ad
905 3080 950 3131 ιι,
967 3080 1023 3130 17⁰
1038 3080 1073 3117 ex
1087 3071 1184 3136 opta«
1194 3064 1236 3117 Di
1244 3066 1322 3119 male
1329 3084 1378 3137 q.»

376 3155 558 3230 Accr'nctique
572 3156 650 3210 smus
670 3152 707 3230 (v.
729 3154 805 3231 109).
820 3156 884 3212 «Ut
896 3153 1088 3228 expeditiores
1101 3166 1196 3211 essent
1209 3155 1249 3211 ad
1265 3174 1376 3212 curm-

338 3247 416 3303 dum.
430 3270 443 3297 s
458 3248 558 3304 Gnoss.
573 3247 713 3304 Weberus
728 3258 825 3304 tamen
838 3246 992 3323 proposuit
1005 3248 1225 3323 «Discinctique
1238 3268 1280 3304 s.»

378 3339 509 3395 Genitrrle
525 3338 660 3396 Thebana
668 3336 709 3418 (v.
721 3338 796 3418 131).
811 3342 880 3411 lno,
892 3339 1057 3396 Palaemonis
1069 3351 1168 3412 mater,
1178 3342 1211 3396 iu
1220 3342 1328 3398 lsthmo
1338 3362 1377 3399 se

336 3432 411 3506 pulti

378 3526 526 3580 Flammas
543 3543 610 3581 neve
622 3524 841 3597 antesatucant
854 3524 892 3603 (v.
912 3525 987 3603 ilo).
1010 3528 1087 3582 nte:
1104 3547 1182 3584 «nec
1200 3526 1231 3583 fl.
1250 3538 1316 3584 ante
1333 3526 1377 3581 s.»

336 3616 393 3675 Sed
409 3627 571 3674 ceterorum
584 3616 670 3676 codd.
685 3638 797 3677 errores
816 3618 973 3678 ostendunt
985 3638 1086 3675 verum
1104 3638 1164 3677 esse
1173 3640 1251 3676 neve.

378 3710 569 3787 Siculosque...
584 3714 660 3768 Deos
674 3710 713 3790 (v.
726 3710 779 3769 156
794 3714 858 3788 sq.).
868 3714 914 3769 De
926 3712 1027 3770 Palieis
1039 3714 1178 3771 intellexit
1190 3716 1287 3786 Luce,
1301 3714 1376 3787 eujus

336 3803 424 3859 schol.
433 3804 566 3860 haustum
573 3824 609 3861 ex
615 3806 754 3863 Serviano
764 3804 801 3863 ad
815 3806 894 3884 Virg.
914 3808 995 3876 AEn,
1009 3826 1055 3879 rx,
1070 3808 1145 3880 5843
1159 3808 1207 3864 alii
1223 3808 1259 3864 de
1277 3808 1375 3885 Cyelo-

335 3893 429 3969 pibus.

376 3991 493 4047 Pullone
506 3992 599 4046 notati
616 3990 654 4069 (v.
681 3992 756 4069 168).
779 3993 871 4049 Codd.
895 3995 979 4051 Lind.
1000 4004 1028 4050 et
1045 3996 1146 4065 Berm,
1165 3996 1237 4071 Reg.
1256 4014 1268 4050 1
1291 4016 1299 4051 ι
1320 4018 1333 4047 ι
1349 4014 1372 4067 p.

334 4084 438 4155 gelati,
451 4106 466 4135 a
481 4084 562 4160 quod
576 4084 712 4141 similibus
730 4086 801 4142 locis
815 4088 898 4143 Statii
916 4087 1046 4148 defendit
1060 4092 1150 4144 Gron.
