2934 4950
43 386 146 451 (mss)
207 356 210 365 ⁴
345 382 555 439 ruassmos
576 382 687 439 umus
706 383 771 437 vn.
1032 378 1070 457 95

43 514 231 604 Expugnare
250 506 349 593 dedi;
370 532 510 600 meaque
527 520 577 575 est
587 508 737 601 jaettua,
756 508 912 601 pigetque

42 634 98 699 Tot
110 644 238 697 mutare
258 628 404 715 animas,
423 642 472 696 tot
488 629 628 699 reddere
644 651 786 721 corpora
802 626 887 697 vitre.
942 604 948 615 .

43 747 220 819 Labdacios
244 773 334 836 vero,
354 746 552 842 Pelopisque
571 776 590 819 a
608 752 709 845 stirpe
727 763 866 843 nepotes

42 870 182 940 Tardum
198 867 332 937 abolere
352 869 436 937 mihi
451 894 460 937 t
478 871 541 939 scis
558 871 644 965 ipse,
664 885 702 938 ut
720 872 862 939 crimina
879 871 1009 941 mittant
1065 954 1069 963 Ι

43 993 176 1078 Dorica,
194 1014 295 1083 quam
314 1004 454 1082 prorntae
471 992 613 1084 Superos
634 991 795 1059 incessere
812 990 956 1077 Thehae3

43 1116 84 1180 Te
99 1136 233 1205 quoque
249 1136 257 1178 :
273 1110 349 1198 sed,
367 1112 526 1203 quoniam
549 1126 642 1180 vetus
659 1111 780 1180 excidit
797 1113 865 1198 ira,
884 1110 997 1182 silebo.

43 1236 113 1301 Non
136 1247 248 1300 tamen
268 1244 326 1299 aut
343 1232 452 1326 patrio
473 1255 638 1325 respersus
658 1233 819 1327 sanguine
837 1232 1020 1318 Pentheus,

44 1360 104 1423 Aut
121 1368 261 1421 matrem
276 1350 451 1420 scelerasse
471 1353 571 1440 toris,
588 1367 644 1421 aut
664 1354 802 1421 crimine
820 1352 938 1422 fratres

43 1476 254 1571 Progenuisse
273 1497 367 1560 reus,
387 1470 494 1541 lacero
514 1487 570 1541 tua
591 1470 695 1548 lustra
715 1471 853 1568 replevit

45 1601 188 1665 Funere:
206 1594 263 1662 ubi
281 1592 398 1664 fletus?
417 1592 474 1660 uhi
493 1608 572 1661 tunc
593 1618 647 1661 ars
666 1608 758 1661 tanta
772 1594 953 1686 precandi?

46 1721 102 1785 Ast
117 1740 178 1811 ego
197 1739 265 1783 non
283 1714 420 1808 proprio
441 1711 532 1781 diros
548 1712 704 1807 impendo
723 1711 831 1782 dolori
861 1756 864 1762 -

46 1833 326 1931 OEdipodionidas
343 1860 351 1901 :
368 1848 464 1927 rogat
480 1834 543 1902 hoc
561 1832 738 1927 tellusque,
758 1832 937 1928 polusque,

48 1962 85 2027 Et
102 1959 222 2052 pictas,
240 1970 273 2025 et
291 1954 366 2023 laesa
381 1952 477 2042 fides,
497 1969 692 2049 naturaque,
711 1970 745 2023 et
759 1956 822 2049 ipsi

49 2076 266 2147 Eumenidum
283 2101 391 2145 mores
409 2102 417 2144 ε
437 2075 493 2145 sed
510 2090 545 2145 tu
565 2100 666 2171 super
685 2075 768 2144 urbe
784 2077 911 2145 moveri

49 2206 144 2271 Parce
162 2216 236 2287 tua3
256 2224 324 2269 uon
342 2199 406 2267 hoc
422 2199 523 2267 statui
540 2197 601 2266 sub
619 2213 768 2293 ternpore
786 2197 887 2266 rebus

51 2327 211 2393 Occasum
230 2320 344 2389 doniis
359 2344 367 2387 ι
385 2319 494 2387 veniet
512 2319 696 2411 suspectior
714 2332 810 2405 aetas,

53 2441 245 2535 Ultoresque
262 2438 318 2509 alii
334 2465 342 2508 ε
359 2463 447 2508 nunc
464 2439 555 2532 regia
574 2442 662 2508 Juno
678 2452 879 2532 queretur.»

95 2567 154 2634 His
173 2562 229 2633 ille
248 2561 371 2631 auditis
388 2577 599 2654 mentemque
617 2559 835 2652 habitumque
852 2560 986 2651 recepit„

53 2689 94 2756 Ut
110 2711 215 2781 quum
231 2682 300 2753 sole
314 2681 420 2770 malo,
435 2683 588 2774 tristique
606 2681 732 2749 rosaria
749 2677 874 2776 pallent

54 2811 130 2877 Usta
148 2809 258 2893 Noto,
276 2805 303 2873 si
321 2803 413 2874 clara
430 2802 516 2889 dies,
535 2802 745 2895 Zephyrique
762 2800 877 2870 refecit

54 2933 136 2999 Aura
156 2924 290 3023 polum,
307 2923 394 2993 redit
409 2924 515 2993 omnis
534 2924 658 3012 honos,
675 2923 859 3015 emissaque
877 2920 989 2991 lucent

55 3049 225 3136 Germina,
245 3061 277 3116 et
295 3044 453 3114 informes
468 3058 566 3113 ornat
581 3068 641 3114 sua
658 3043 766 3139 gloria
786 3044 906 3138 virgas.

96 3169 265 3258 Nuntius,
284 3168 441 3237 attonitas
456 3164 653 3260 jamdudum
670 3164 814 3236 Eteoclis
830 3165 874 3233 ad
894 3188 989 3233 aures

55 3291 231 3388 Explorate
247 3289 374 3376 ferens,
394 3287 494 3380 longo
512 3286 609 3356 docet
629 3288 762 3381 agmine
781 3287 902 3375 Graios

56 3417 104 3483 Ire
123 3413 244 3501 duces,
258 3435 321 3480 neo
335 3411 406 3502 jam
422 3409 539 3478 Aoniis
556 3404 672 3502 procul
693 3405 809 3474 abfore
826 3406 966 3498 campis3
1060 3459 1063 3462 .
1081 3454 1084 3460 -

59 3535 263 3628 Quocunque
282 3531 440 3626 ingressi,
457 3543 615 3617 tremere,
632 3551 669 3596 ac
688 3528 900 3596 miserescere
917 3540 1057 3594 cunctos

61 3655 262 3740 Thebarum3
283 3653 339 3746 qui
359 3650 461 3744 stirpe
476 3649 596 3737 refert,
613 3648 671 3743 qui
688 3649 838 3734 nomine,
856 3661 890 3715 et
906 3649 1015 3715 armis.
1047 3726 1051 3730 Α
1076 3703 1079 3707 ,

60 3774 115 3843 Ille
131 3789 256 3844 metum
266 3772 437 3859 condens,
454 3771 568 3840 audire
585 3771 750 3865 exposcit,
767 3782 802 3837 et
818 3767 889 3836 odit

62 3897 267 3964 Narrantem.
284 3896 373 3966 Hinc
394 3893 491 3962 dictis
510 3886 618 3960 so'cios.
633 3887 818 3976 stimulare,
836 3911 978 3980 suasque
1045 3899 1048 3904 '

63 4017 169 4084 Metiri
188 4014 336 4110 decernit
351 4038 431 4108 opes
447 4039 455 4080 :
472 4013 637 4082 exciverat
657 4035 790 4078 ornnem
