2934 4950
682 331 713 385 P.
735 329 860 385 PUBLII
881 330 1011 386 STATH.

429 459 558 526 Desunt
576 455 634 550 qui
652 454 801 550 rapiant3
822 456 979 548 sinusque
997 452 1088 549 pleni

429 575 602 663 Gaudent,
622 574 702 644 dum
721 599 808 643 nova
829 573 922 644 lucra
940 585 1186 668 comparantur.
1205 583 1211 592 '

430 694 569 765 Tollunt
586 697 778 764 innumeras
798 694 841 764 ad
858 708 946 764 astra
963 719 1075 782 voces,

430 819 656 887 simmam
675 839 849 888 ramerius
866 827 1043 900 sonantes3

431 939 475 1006 Et
492 934 581 1006 dulci
601 959 774 1007 Domuum
791 936 906 1005 favore
924 933 1070 1004 clamant
1089 960 1098 1000 ε

432 1062 503 1128 Hoc
523 1056 630 1127 solum
649 1059 757 1127 vetuit
773 1055 873 1126 licere
892 1060 1011 1126 Caesar.

476 1177 624 1248 Vixdum
642 1175 762 1246 caerula
777 1202 845 1245 nox
860 1176 993 1244 subibat
1009 1175 1141 1262 orbem,

429 1297 608 1368 Descendit
625 1295 736 1366 media
752 1297 862 1366 nitens
878 1320 979 1365 arena

430 1422 557 1488 Densas
574 1416 746 1486 flammeus
762 1415 852 1484 orbis
869 1417 957 1484 inter
973 1415 1124 1502 umbras,

430 1539 575 1607 Vincens
591 1518 886 1605 Gnosiscae'sacem
902 1559 1043 1605 coronae.
1146 1619 1154 1633 ,

431 1654 583 1728 Collucet
599 1654 696 1751 polus
713 1655 864 1749 ignibus,
882 1653 1033 1749 nihilque

432 1777 589 1846 Obscurae
608 1776 733 1870 patitur
751 1774 851 1843 licere
868 1777 969 1844 nocti.

430 1898 528 1992 Fugit
544 1896 638 1991 pigra
655 1896 781 1986 Quies;
799 1896 954 1989 inersque
971 1898 1113 1965 Somnus

430 2021 508 2087 Haec
524 2040 677 2103 cernens,
695 2014 776 2085 alias
792 2015 896 2086 adivit
913 2016 1021 2086 urbes.

479 2138 564 2226 Quis
581 2134 786 2231 spectacula,
803 2137 877 2231 quis
892 2138 986 2230 jocos
1003 2135 1159 2226 licentes,

431 2259 516 2348 Quis
532 2257 700 2345 convivia,
717 2259 793 2351 quis
812 2257 913 2353 dapes
931 2259 1110 2354 inemptas,

431 2378 532 2472 Largi
550 2375 690 2446 flumina
706 2379 781 2471 quis
797 2392 894 2448 canat
911 2378 1022 2472 Lyaei?

432 2502 452 2568 J
453 2499 575 2592 amjam
591 2497 723 2587 delicio,
742 2512 866 2593 tuoque
883 2500 1014 2570 Baccho

431 2620 472 2687 In
492 2644 602 2688 serum
620 2618 734 2688 trahor
752 2619 864 2689 ebrius
882 2645 1045 2716 soporem.

432 2740 527 2829 Quos
545 2738 605 2806 ibit
622 2737 739 2834 procul
755 2738 810 2808 hic
827 2738 896 2808 dies
912 2765 972 2833 per
989 2738 1112 2809 annos!

432 2861 544 2950 Quam
564 2856 657 2926 nullo
676 2882 767 2927 sacer
782 2856 945 2926 exolescet
961 2854 1052 2928 aevo!

431 2982 522 3049 Dum
539 2990 668 3046 montes
683 2978 791 3064 Latii,
809 2991 969 3071 paterque
984 2977 1123 3070 Tybris,

431 3100 523 3166 Dum
541 3096 640 3164 stabit
662 3110 718 3164 tua
736 3100 860 3183 Roma,
879 3096 1026 3190 dumque
1044 3098 1145 3166 terris-

431 3214 534 3305 Quod
550 3214 659 3283 reddis
677 3213 880 3309 Capitolium
899 3216 1056 3287 manebit.
1179 3289 1183 3297 ,

1294 343 1327 386 tv·
1338 343 1387 398 ros
