<?xml version="1.0" encoding="UTF-8"?>
<!DOCTYPE html PUBLIC "-//W3C//DTD XHTML 1.0 Transitional//EN"
    "http://www.w3.org/TR/xhtml1/DTD/xhtml1-transitional.dtd">
<html xmlns="http://www.w3.org/1999/xhtml" xml:lang="en" lang="en">
 <head>
  <title>
</title>
<meta http-equiv="Content-Type" content="text/html;charset=utf-8" />
  <meta name='ocr-system' content='tesseract 3.04.00' />
  <meta name='ocr-capabilities' content='ocr_page ocr_carea ocr_par ocr_line ocrx_word'/>
</head>
<body>
  <div class='ocr_page' id='page_1' title='image "./operaquaeextant01dbgoog_0543.png"; bbox 0 0 2934 4950; ppageno 0'>
   <div class='ocr_carea' id='block_1_1' title="bbox 321 338 1442 452">
    <p class='ocr_par' dir='ltr' id='par_1_1' title="bbox 321 338 1442 452">
     <span class='ocr_line' id='line_1_1' title="bbox 321 338 1442 452; baseline -0.013 -6"><span class='ocrx_word' id='word_1_1' title='bbox 321 391 379 447; x_wconf 76' lang='lat' dir='ltr'><strong>aad</strong></span> <span class='ocrx_word' id='word_1_2' title='bbox 482 338 484 342; x_wconf 14' lang='grc' dir='ltr'><em>Α</em></span> <span class='ocrx_word' id='word_1_3' title='bbox 625 385 838 446; x_wconf 74' lang='lat' dir='ltr'><strong>TitEaalDos</strong></span> <span class='ocrx_word' id='word_1_4' title='bbox 859 384 1045 444; x_wconf 64' lang='lat' dir='ltr'><strong>Lttssttxl„</strong></span> <span class='ocrx_word' id='word_1_5' title='bbox 1259 384 1372 452; x_wconf 62' lang='lat' dir='ltr'><strong>(aiat.)</strong></span> <span class='ocrx_word' id='word_1_6' title='bbox 1441 418 1442 431; x_wconf 40' lang='lat' dir='ltr'><strong>t</strong></span> 
     </span>
    </p>
   </div>
   <div class='ocr_carea' id='block_1_2' title="bbox 225 509 1442 1095">
    <p class='ocr_par' dir='ltr' id='par_1_2' title="bbox 225 509 1442 1095">
     <span class='ocr_line' id='line_1_2' title="bbox 225 509 1305 607; baseline -0.009 -17"><span class='ocrx_word' id='word_1_7' title='bbox 225 551 226 554; x_wconf 42' lang='lat'>¹</span> <span class='ocrx_word' id='word_1_8' title='bbox 320 522 463 605; x_wconf 84' lang='lat' dir='ltr'><strong>Ductor,</strong></span> <span class='ocrx_word' id='word_1_9' title='bbox 481 513 572 586; x_wconf 86' lang='lat' dir='ltr'><strong>etad</strong></span> <span class='ocrx_word' id='word_1_10' title='bbox 591 512 692 584; x_wconf 92' lang='lat' dir='ltr'><strong>lituos</strong></span> <span class='ocrx_word' id='word_1_11' title='bbox 710 511 869 599; x_wconf 78' lang='lat' dir='ltr'><strong>hilarem,</strong></span> <span class='ocrx_word' id='word_1_12' title='bbox 887 509 1124 607; x_wconf 89' lang='lat' dir='ltr'><strong>trepidumque</strong></span> <span class='ocrx_word' id='word_1_13' title='bbox 1140 511 1305 581; x_wconf 80' lang='lat' dir='ltr'><strong>tubarum</strong></span> 
     </span>
     <span class='ocr_line' id='line_1_3' title="bbox 319 634 1287 735; baseline -0.006 -25"><span class='ocrx_word' id='word_1_14' title='bbox 319 637 551 735; x_wconf 79' lang='lat' dir='ltr'><strong>Prospiciebat</strong></span> <span class='ocrx_word' id='word_1_15' title='bbox 566 661 710 732; x_wconf 83' lang='lat' dir='ltr'><strong>equum3</strong></span> <span class='ocrx_word' id='word_1_16' title='bbox 732 635 843 706; x_wconf 88' lang='lat' dir='ltr'><strong>subito</strong></span> <span class='ocrx_word' id='word_1_17' title='bbox 863 659 969 730; x_wconf 93' lang='lat' dir='ltr'><strong>quum</strong></span> <span class='ocrx_word' id='word_1_18' title='bbox 988 634 1146 728; x_wconf 89' lang='lat' dir='ltr'><strong>apparuit</strong></span> <span class='ocrx_word' id='word_1_19' title='bbox 1165 634 1287 728; x_wconf 86' lang='lat' dir='ltr'><strong>ingens</strong></span> 
     </span>
     <span class='ocr_line' id='line_1_4' title="bbox 321 753 1271 854; baseline -0.008 -22"><span class='ocrx_word' id='word_1_20' title='bbox 321 765 443 849; x_wconf 84' lang='lat' dir='ltr'><strong>Mater,</strong></span> <span class='ocrx_word' id='word_1_21' title='bbox 462 775 497 831; x_wconf 90' lang='lat' dir='ltr'><strong>et</strong></span> <span class='ocrx_word' id='word_1_22' title='bbox 512 760 584 854; x_wconf 90' lang='lat' dir='ltr'><strong>ipse</strong></span> <span class='ocrx_word' id='word_1_23' title='bbox 599 773 710 845; x_wconf 91' lang='lat' dir='ltr'><strong>metu,</strong></span> <span class='ocrx_word' id='word_1_24' title='bbox 729 756 959 852; x_wconf 84' lang='lat' dir='ltr'><strong>famulumque</strong></span> <span class='ocrx_word' id='word_1_25' title='bbox 978 753 1139 850; x_wconf 83' lang='lat' dir='ltr'><strong>expalluit</strong></span> <span class='ocrx_word' id='word_1_26' title='bbox 1158 758 1271 854; x_wconf 86' lang='lat' dir='ltr'><strong>omnis</strong></span> 
     </span>
     <span class='ocr_line' id='line_1_5' title="bbox 321 878 1209 974; baseline -0.007 -22"><span class='ocrx_word' id='word_1_27' title='bbox 321 885 453 971; x_wconf 88' lang='lat' dir='ltr'><strong>Coetus,</strong></span> <span class='ocrx_word' id='word_1_28' title='bbox 470 895 503 952; x_wconf 90' lang='lat' dir='ltr'><strong>et</strong></span> <span class='ocrx_word' id='word_1_29' title='bbox 519 879 665 952; x_wconf 86' lang='lat' dir='ltr'><strong>oblatam</strong></span> <span class='ocrx_word' id='word_1_30' title='bbox 684 893 774 950; x_wconf 88' lang='lat' dir='ltr'><strong>retro</strong></span> <span class='ocrx_word' id='word_1_31' title='bbox 795 879 888 948; x_wconf 86' lang='lat' dir='ltr'><strong>dedit</strong></span> <span class='ocrx_word' id='word_1_32' title='bbox 905 879 1050 974; x_wconf 87' lang='lat' dir='ltr'><strong>amniger</strong></span> <span class='ocrx_word' id='word_1_33' title='bbox 1067 878 1209 947; x_wconf 82' lang='lat' dir='ltr'><strong>hastam.</strong></span> 
     </span>
     <span class='ocr_line' id='line_1_6' title="bbox 371 1000 1442 1095; baseline -0.001 -26"><span class='ocrx_word' id='word_1_34' title='bbox 371 1035 389 1069; x_wconf 75' lang='lat' dir='ltr'><strong>a</strong></span> <span class='ocrx_word' id='word_1_35' title='bbox 407 1004 493 1093; x_wconf 89' lang='lat' dir='ltr'><strong>Quis</strong></span> <span class='ocrx_word' id='word_1_36' title='bbox 511 1002 627 1074; x_wconf 84' lang='lat' dir='ltr'><strong>furor?</strong></span> <span class='ocrx_word' id='word_1_37' title='bbox 645 1000 735 1071; x_wconf 90' lang='lat' dir='ltr'><strong>unde</strong></span> <span class='ocrx_word' id='word_1_38' title='bbox 753 1003 874 1071; x_wconf 88' lang='lat' dir='ltr'><strong>iterum</strong></span> <span class='ocrx_word' id='word_1_39' title='bbox 893 1001 987 1095; x_wconf 82' lang='lat' dir='ltr'><strong>regni</strong></span> <span class='ocrx_word' id='word_1_40' title='bbox 1008 1002 1344 1095; x_wconf 87' lang='lat' dir='ltr'><strong>integrata-resurgit</strong></span> <span class='ocrx_word' id='word_1_41' title='bbox 1441 1006 1442 1077; x_wconf 68' lang='lat' dir='ltr'><strong>l</strong></span> 
     </span>
    </p>
   </div>
   <div class='ocr_carea' id='block_1_3' title="bbox 322 1123 1442 1465">
    <p class='ocr_par' dir='ltr' id='par_1_3' title="bbox 322 1123 1442 1465">
     <span class='ocr_line' id='line_1_7' title="bbox 322 1123 1196 1220; baseline -0.008 -22"><span class='ocrx_word' id='word_1_42' title='bbox 322 1125 501 1198; x_wconf 86' lang='lat' dir='ltr'><strong>Eumenis?</strong></span> <span class='ocrx_word' id='word_1_43' title='bbox 517 1127 582 1220; x_wconf 92' lang='lat' dir='ltr'><strong>ipsi</strong></span> <span class='ocrx_word' id='word_1_44' title='bbox 597 1127 697 1194; x_wconf 89' lang='lat' dir='ltr'><strong>etiam</strong></span> <span class='ocrx_word' id='word_1_45' title='bbox 715 1138 792 1220; x_wconf 86' lang='lat' dir='ltr'><strong>post</strong></span> <span class='ocrx_word' id='word_1_46' title='bbox 809 1126 939 1211; x_wconf 87' lang='lat' dir='ltr'><strong>omnia,</strong></span> <span class='ocrx_word' id='word_1_47' title='bbox 956 1123 1111 1195; x_wconf 89' lang='lat' dir='ltr'><strong>cominus</strong></span> <span class='ocrx_word' id='word_1_48' title='bbox 1129 1124 1196 1218; x_wconf 91' lang='lat' dir='ltr'><strong>ipsi</strong></span> 
     </span>
     <span class='ocr_line' id='line_1_8' title="bbox 322 1245 1442 1342; baseline -0.004 -23"><span class='ocrx_word' id='word_1_49' title='bbox 322 1245 482 1319; x_wconf 83' lang='lat' dir='ltr'><strong>Stabitis?</strong></span> <span class='ocrx_word' id='word_1_50' title='bbox 501 1271 607 1341; x_wconf 87' lang='lat' dir='ltr'><strong>usque</strong></span> <span class='ocrx_word' id='word_1_51' title='bbox 625 1246 708 1318; x_wconf 92' lang='lat' dir='ltr'><strong>adeo</strong></span> <span class='ocrx_word' id='word_1_52' title='bbox 730 1247 881 1342; x_wconf 86' lang='lat' dir='ltr'><strong>geminas</strong></span> <span class='ocrx_word' id='word_1_53' title='bbox 897 1245 1029 1340; x_wconf 83' lang='lat' dir='ltr'><strong>duxisse</strong></span> <span class='ocrx_word' id='word_1_54' title='bbox 1043 1245 1218 1330; x_wconf 83' lang='lat' dir='ltr'><strong>cohortes,</strong></span> <span class='ocrx_word' id='word_1_55' title='bbox 1441 1324 1442 1331; x_wconf 7' lang='grc' dir='ltr'>ἵ</span> 
     </span>
     <span class='ocr_line' id='line_1_9' title="bbox 322 1364 1442 1465; baseline -0.006 -25"><span class='ocrx_word' id='word_1_56' title='bbox 322 1373 367 1440; x_wconf 86' lang='lat' dir='ltr'><strong>Et</strong></span> <span class='ocrx_word' id='word_1_57' title='bbox 387 1368 517 1442; x_wconf 88' lang='lat' dir='ltr'><strong>facinus</strong></span> <span class='ocrx_word' id='word_1_58' title='bbox 537 1368 710 1441; x_wconf 89' lang='lat' dir='ltr'><strong>mandasse</strong></span> <span class='ocrx_word' id='word_1_59' title='bbox 731 1394 852 1465; x_wconf 90' lang='lat' dir='ltr'><strong>parum</strong></span> <span class='ocrx_word' id='word_1_60' title='bbox 873 1367 1031 1462; x_wconf 19' lang='lat' dir='ltr'><strong>estiiquo</strong></span> <span class='ocrx_word' id='word_1_61' title='bbox 1052 1365 1172 1436; x_wconf 89' lang='lat' dir='ltr'><strong>deiude</strong></span> <span class='ocrx_word' id='word_1_62' title='bbox 1190 1364 1316 1436; x_wconf 80' lang='lat' dir='ltr'><strong>redibit</strong></span> <span class='ocrx_word' id='word_1_63' title='bbox 1441 1372 1442 1441; x_wconf 65' lang='lat' dir='ltr'><strong>l</strong></span> 
     </span>
    </p>
   </div>
   <div class='ocr_carea' id='block_1_4' title="bbox 322 1487 1442 4149">
    <p class='ocr_par' dir='ltr' id='par_1_4' title="bbox 322 1487 1442 4149">
     <span class='ocr_line' id='line_1_10' title="bbox 323 1487 1179 1584; baseline -0.006 -22"><span class='ocrx_word' id='word_1_64' title='bbox 323 1490 467 1562; x_wconf 79' lang='lat' dir='ltr'><strong>Victor?</strong></span> <span class='ocrx_word' id='word_1_65' title='bbox 485 1494 520 1560; x_wconf 92' lang='lat' dir='ltr'><strong>in</strong></span> <span class='ocrx_word' id='word_1_66' title='bbox 539 1491 645 1562; x_wconf 90' lang='lat' dir='ltr'><strong>hosne</strong></span> <span class='ocrx_word' id='word_1_67' title='bbox 667 1490 784 1562; x_wconf 85' lang='lat' dir='ltr'><strong>sinus?</strong></span> <span class='ocrx_word' id='word_1_68' title='bbox 804 1517 825 1560; x_wconf 93' lang='lat' dir='ltr'><strong>o</strong></span> <span class='ocrx_word' id='word_1_69' title='bbox 842 1489 909 1559; x_wconf 91' lang='lat' dir='ltr'><strong>diri</strong></span> <span class='ocrx_word' id='word_1_70' title='bbox 926 1491 1079 1584; x_wconf 85' lang='lat' dir='ltr'><strong>conjugis</strong></span> <span class='ocrx_word' id='word_1_71' title='bbox 1097 1487 1179 1558; x_wconf 89' lang='lat' dir='ltr'><strong>olim</strong></span> 
     </span>
     <span class='ocr_line' id='line_1_11' title="bbox 322 1609 1242 1708; baseline -0.008 -23"><span class='ocrx_word' id='word_1_72' title='bbox 322 1613 448 1685; x_wconf 82' lang='lat' dir='ltr'><strong>Felices</strong></span> <span class='ocrx_word' id='word_1_73' title='bbox 466 1609 630 1686; x_wconf 83' lang='lat' dir='ltr'><strong>tenebrae!</strong></span> <span class='ocrx_word' id='word_1_74' title='bbox 652 1612 756 1701; x_wconf 90' lang='lat' dir='ltr'><strong>datis,</strong></span> <span class='ocrx_word' id='word_1_75' title='bbox 772 1612 925 1708; x_wconf 83' lang='lat' dir='ltr'><strong>improba</strong></span> <span class='ocrx_word' id='word_1_76' title='bbox 946 1609 1094 1701; x_wconf 88' lang='lat' dir='ltr'><strong>lumina,</strong></span> <span class='ocrx_word' id='word_1_77' title='bbox 1113 1633 1242 1706; x_wconf 75' lang='lat' dir='ltr'><strong>poenas.</strong></span> 
     </span>
     <span class='ocr_line' id='line_1_12' title="bbox 323 1729 1256 1829; baseline -0.006 -23"><span class='ocrx_word' id='word_1_78' title='bbox 323 1739 401 1806; x_wconf 89' lang='lat' dir='ltr'><strong>Haec</strong></span> <span class='ocrx_word' id='word_1_79' title='bbox 423 1733 603 1829; x_wconf 88' lang='lat' dir='ltr'><strong>spectanda</strong></span> <span class='ocrx_word' id='word_1_80' title='bbox 625 1733 718 1806; x_wconf 86' lang='lat' dir='ltr'><strong>dies?</strong></span> <span class='ocrx_word' id='word_1_81' title='bbox 737 1759 827 1828; x_wconf 91' lang='lat' dir='ltr'><strong>quo,</strong></span> <span class='ocrx_word' id='word_1_82' title='bbox 844 1758 948 1821; x_wconf 77' lang='lat' dir='ltr'><strong>save,</strong></span> <span class='ocrx_word' id='word_1_83' title='bbox 966 1732 1131 1802; x_wconf 85' lang='lat' dir='ltr'><strong>minantia</strong></span> <span class='ocrx_word' id='word_1_84' title='bbox 1147 1729 1256 1801; x_wconf 82' lang='lat' dir='ltr'><strong>flectis</strong></span> 
     </span>
     <span class='ocr_line' id='line_1_13' title="bbox 325 1853 1199 1951; baseline -0.011 -20"><span class='ocrx_word' id='word_1_85' title='bbox 325 1855 419 1931; x_wconf 82' lang='lat' dir='ltr'><strong>Ora?</strong></span> <span class='ocrx_word' id='word_1_86' title='bbox 437 1855 520 1951; x_wconf 90' lang='lat' dir='ltr'><strong>quid</strong></span> <span class='ocrx_word' id='word_1_87' title='bbox 535 1855 682 1930; x_wconf 89' lang='lat' dir='ltr'><strong>alternos</strong></span> <span class='ocrx_word' id='word_1_88' title='bbox 702 1853 815 1935; x_wconf 88' lang='lat' dir='ltr'><strong>vultus</strong></span> <span class='ocrx_word' id='word_1_89' title='bbox 835 1853 1010 1950; x_wconf 89' lang='lat' dir='ltr'><strong>pallorque</strong></span> <span class='ocrx_word' id='word_1_90' title='bbox 1029 1853 1199 1948; x_wconf 74' lang='lat' dir='ltr'><strong>ruborque</strong></span> 
     </span>
     <span class='ocr_line' id='line_1_14' title="bbox 324 1975 1287 2074; baseline -0.005 -26"><span class='ocrx_word' id='word_1_91' title='bbox 324 1978 463 2048; x_wconf 80' lang='lat' dir='ltr'><strong>Mutat?</strong></span> <span class='ocrx_word' id='word_1_92' title='bbox 481 1983 517 2050; x_wconf 87' lang='lat' dir='ltr'><strong>&#39;et</strong></span> <span class='ocrx_word' id='word_1_93' title='bbox 537 1978 652 2048; x_wconf 80' lang='lat' dir='ltr'><strong>ubnixi</strong></span> <span class='ocrx_word' id='word_1_94' title='bbox 673 1977 835 2074; x_wconf 84' lang='lat' dir='ltr'><strong>frangunt</strong></span> <span class='ocrx_word' id='word_1_95' title='bbox 851 1977 939 2048; x_wconf 88' lang='lat' dir='ltr'><strong>mala</strong></span> <span class='ocrx_word' id='word_1_96' title='bbox 956 2002 1131 2046; x_wconf 89' lang='lat' dir='ltr'><strong>murmura</strong></span> <span class='ocrx_word' id='word_1_97' title='bbox 1148 1975 1287 2057; x_wconf 72' lang='lat' dir='ltr'><strong>dentes?</strong></span> 
     </span>
     <span class='ocr_line' id='line_1_15' title="bbox 326 2078 1442 2195; baseline -0.006 -24"><span class='ocrx_word' id='word_1_98' title='bbox 326 2103 384 2171; x_wconf 90' lang='lat' dir='ltr'><strong>Me</strong></span> <span class='ocrx_word' id='word_1_99' title='bbox 398 2103 552 2170; x_wconf 86' lang='lat' dir='ltr'><strong>miseram</strong></span> <span class='ocrx_word' id='word_1_100' title='bbox 567 2097 695 2170; x_wconf 84' lang='lat' dir='ltr'><strong>vinces!</strong></span> <span class='ocrx_word' id='word_1_101' title='bbox 712 2102 806 2195; x_wconf 88' lang='lat' dir='ltr'><strong>prius</strong></span> <span class='ocrx_word' id='word_1_102' title='bbox 823 2100 893 2170; x_wconf 83' lang='lat' dir='ltr'><strong>haec</strong></span> <span class='ocrx_word' id='word_1_103' title='bbox 911 2116 1025 2170; x_wconf 91' lang='lat' dir='ltr'><strong>tamen</strong></span> <span class='ocrx_word' id='word_1_104' title='bbox 1042 2125 1138 2169; x_wconf 87' lang='lat' dir='ltr'><strong>arma</strong></span> <span class='ocrx_word' id='word_1_105' title='bbox 1153 2123 1289 2171; x_wconf 86' lang='lat' dir='ltr'><strong>necesse</strong></span> <span class='ocrx_word' id='word_1_106' title='bbox 1301 2114 1349 2168; x_wconf 88' lang='lat' dir='ltr'><strong>est</strong></span> <span class='ocrx_word' id='word_1_107' title='bbox 1441 2078 1442 2113; x_wconf 67' lang='lat'>³</span> 
     </span>
     <span class='ocr_line' id='line_1_16' title="bbox 325 2219 1157 2319; baseline -0.001 -26"><span class='ocrx_word' id='word_1_108' title='bbox 325 2224 507 2318; x_wconf 79' lang='lat' dir='ltr'><strong>Experiere</strong></span> <span class='ocrx_word' id='word_1_109' title='bbox 526 2221 617 2292; x_wconf 89' lang='lat' dir='ltr'><strong>domi</strong></span> <span class='ocrx_word' id='word_1_110' title='bbox 634 2248 641 2292; x_wconf 93' lang='lat'>:</span> <span class='ocrx_word' id='word_1_111' title='bbox 658 2222 753 2292; x_wconf 90' lang='lat' dir='ltr'><strong>stabo</strong></span> <span class='ocrx_word' id='word_1_112' title='bbox 770 2224 841 2319; x_wconf 92' lang='lat' dir='ltr'><strong>ipsa</strong></span> <span class='ocrx_word' id='word_1_113' title='bbox 863 2223 898 2291; x_wconf 90' lang='lat' dir='ltr'><strong>in</strong></span> <span class='ocrx_word' id='word_1_114' title='bbox 917 2219 1032 2292; x_wconf 89' lang='lat' dir='ltr'><strong>limine</strong></span> <span class='ocrx_word' id='word_1_115' title='bbox 1050 2237 1157 2317; x_wconf 81' lang='lat' dir='ltr'><strong>portae</strong></span> 
     </span>
     <span class='ocr_line' id='line_1_17' title="bbox 327 2343 1238 2441; baseline -0.005 -23"><span class='ocrx_word' id='word_1_116' title='bbox 327 2346 521 2441; x_wconf 76' lang='lat' dir='ltr'><strong>Auspicium</strong></span> <span class='ocrx_word' id='word_1_117' title='bbox 543 2343 677 2431; x_wconf 84' lang='lat' dir='ltr'><strong>infelix,</strong></span> <span class='ocrx_word' id='word_1_118' title='bbox 692 2343 922 2439; x_wconf 86' lang='lat' dir='ltr'><strong>scelerumque</strong></span> <span class='ocrx_word' id='word_1_119' title='bbox 941 2345 1097 2414; x_wconf 88' lang='lat' dir='ltr'><strong>immanis</strong></span> <span class='ocrx_word' id='word_1_120' title='bbox 1116 2346 1238 2440; x_wconf 83' lang='lat' dir='ltr'><strong>imago.</strong></span> 
     </span>
     <span class='ocr_line' id='line_1_18' title="bbox 327 2465 1233 2558; baseline -0.003 -19"><span class='ocrx_word' id='word_1_121' title='bbox 327 2474 406 2539; x_wconf 82' lang='lat' dir='ltr'><strong>Haec</strong></span> <span class='ocrx_word' id='word_1_122' title='bbox 424 2469 485 2539; x_wconf 91' lang='lat' dir='ltr'><strong>tibi</strong></span> <span class='ocrx_word' id='word_1_123' title='bbox 506 2469 663 2558; x_wconf 87' lang='lat' dir='ltr'><strong>canities,</strong></span> <span class='ocrx_word' id='word_1_124' title='bbox 682 2468 754 2539; x_wconf 84' lang='lat' dir='ltr'><strong>haec</strong></span> <span class='ocrx_word' id='word_1_125' title='bbox 773 2485 853 2538; x_wconf 92' lang='lat' dir='ltr'><strong>sunt</strong></span> <span class='ocrx_word' id='word_1_126' title='bbox 872 2465 1051 2553; x_wconf 86' lang='lat' dir='ltr'><strong>calcanda,</strong></span> <span class='ocrx_word' id='word_1_127' title='bbox 1068 2466 1233 2555; x_wconf 84' lang='lat' dir='ltr'><strong>nefande,</strong></span> 
     </span>
     <span class='ocr_line' id='line_1_19' title="bbox 328 2589 1414 2686; baseline -0.001 -25"><span class='ocrx_word' id='word_1_128' title='bbox 328 2592 462 2681; x_wconf 89' lang='lat' dir='ltr'><strong>Ubera,</strong></span> <span class='ocrx_word' id='word_1_129' title='bbox 479 2616 604 2686; x_wconf 85' lang='lat' dir='ltr'><strong>perque</strong></span> <span class='ocrx_word' id='word_1_130' title='bbox 623 2604 757 2661; x_wconf 90' lang='lat' dir='ltr'><strong>uterum</strong></span> <span class='ocrx_word' id='word_1_131' title='bbox 775 2594 906 2686; x_wconf 90' lang='lat' dir='ltr'><strong>sonipes</strong></span> <span class='ocrx_word' id='word_1_132' title='bbox 923 2590 979 2661; x_wconf 91' lang='lat' dir='ltr'><strong>hic</strong></span> <span class='ocrx_word' id='word_1_133' title='bbox 994 2592 1112 2660; x_wconf 90' lang='lat' dir='ltr'><strong>matris</strong></span> <span class='ocrx_word' id='word_1_134' title='bbox 1130 2589 1290 2686; x_wconf 86' lang='lat' dir='ltr'><strong>agendus.</strong></span> <span class='ocrx_word' id='word_1_135' title='bbox 1410 2624 1414 2629; x_wconf 52' lang='lat'><strong><em>⁴</em></strong></span> 
     </span>
     <span class='ocr_line' id='line_1_20' title="bbox 328 2709 1282 2808; baseline -0.003 -25"><span class='ocrx_word' id='word_1_136' title='bbox 328 2717 431 2784; x_wconf 88' lang='lat' dir='ltr'><strong>Parce</strong></span> <span class='ocrx_word' id='word_1_137' title='bbox 450 2739 459 2781; x_wconf 77' lang='lat' dir='ltr'><strong>t</strong></span> <span class='ocrx_word' id='word_1_138' title='bbox 478 2711 560 2808; x_wconf 90' lang='lat' dir='ltr'><strong>quid</strong></span> <span class='ocrx_word' id='word_1_139' title='bbox 578 2714 767 2808; x_wconf 88' lang='lat' dir='ltr'><strong>oppositam</strong></span> <span class='ocrx_word' id='word_1_140' title='bbox 785 2710 906 2808; x_wconf 90' lang='lat' dir='ltr'><strong>capulo</strong></span> <span class='ocrx_word' id='word_1_141' title='bbox 925 2737 1107 2808; x_wconf 86' lang='lat' dir='ltr'><strong>parmaque</strong></span> <span class='ocrx_word' id='word_1_142' title='bbox 1123 2709 1282 2807; x_wconf 80' lang='lat' dir='ltr'><strong>repellis?</strong></span> 
     </span>
     <span class='ocr_line' id='line_1_21' title="bbox 328 2833 1065 2931; baseline -0.003 -26"><span class='ocrx_word' id='word_1_143' title='bbox 328 2838 407 2905; x_wconf 90' lang='lat' dir='ltr'><strong>Non</strong></span> <span class='ocrx_word' id='word_1_144' title='bbox 428 2860 490 2930; x_wconf 86' lang='lat' dir='ltr'><strong>ego</strong></span> <span class='ocrx_word' id='word_1_145' title='bbox 509 2851 543 2905; x_wconf 92' lang='lat' dir='ltr'><strong>te</strong></span> <span class='ocrx_word' id='word_1_146' title='bbox 561 2850 678 2905; x_wconf 89' lang='lat' dir='ltr'><strong>contra</strong></span> <span class='ocrx_word' id='word_1_147' title='bbox 695 2836 817 2931; x_wconf 76' lang='lat' dir='ltr'><strong>Stygiis</strong></span> <span class='ocrx_word' id='word_1_148' title='bbox 836 2833 949 2904; x_wconf 85' lang='lat' dir='ltr'><strong>feralia</strong></span> <span class='ocrx_word' id='word_1_149' title='bbox 970 2836 1065 2905; x_wconf 89' lang='lat' dir='ltr'><strong>sanxi</strong></span> 
     </span>
     <span class='ocr_line' id='line_1_22' title="bbox 329 2958 1134 3053; baseline -0.004 -24"><span class='ocrx_word' id='word_1_150' title='bbox 329 2960 417 3029; x_wconf 85' lang='lat' dir='ltr'><strong>Vota</strong></span> <span class='ocrx_word' id='word_1_151' title='bbox 436 2958 538 3043; x_wconf 87' lang='lat' dir='ltr'><strong>Deis,</strong></span> <span class='ocrx_word' id='word_1_152' title='bbox 558 2982 646 3027; x_wconf 74' lang='lat' dir='ltr'><strong>caeco</strong></span> <span class='ocrx_word' id='word_1_153' title='bbox 665 2983 727 3027; x_wconf 88' lang='lat' dir='ltr'><strong>nec</strong></span> <span class='ocrx_word' id='word_1_154' title='bbox 744 2959 910 3052; x_wconf 81' lang='lat' dir='ltr'><strong>Erinnyas</strong></span> <span class='ocrx_word' id='word_1_155' title='bbox 929 2981 987 3027; x_wconf 88' lang='lat' dir='ltr'><strong>ore</strong></span> <span class='ocrx_word' id='word_1_156' title='bbox 1007 2960 1134 3053; x_wconf 77' lang='lat' dir='ltr'><strong>rogari.</strong></span> 
     </span>
     <span class='ocr_line' id='line_1_23' title="bbox 330 3058 1212 3181; baseline 0.002 -32"><span class='ocrx_word' id='word_1_157' title='bbox 330 3078 459 3149; x_wconf 84' lang='lat' dir='ltr'><strong>Exaudi</strong></span> <span class='ocrx_word' id='word_1_158' title='bbox 479 3058 635 3181; x_wconf 79' lang='lat' dir='ltr'><strong>miseram</strong></span> <span class='ocrx_word' id='word_1_159' title='bbox 652 3106 661 3148; x_wconf 80' lang='lat' dir='ltr'><strong>t</strong></span> <span class='ocrx_word' id='word_1_160' title='bbox 679 3080 827 3174; x_wconf 83' lang='lat' dir='ltr'><strong>genitrix</strong></span> <span class='ocrx_word' id='word_1_161' title='bbox 846 3094 897 3169; x_wconf 91' lang='lat' dir='ltr'><strong>te,</strong></span> <span class='ocrx_word' id='word_1_162' title='bbox 909 3082 1018 3170; x_wconf 73' lang='lat' dir='ltr'><strong>saeve,</strong></span> <span class='ocrx_word' id='word_1_163' title='bbox 1038 3096 1212 3175; x_wconf 87' lang='lat' dir='ltr'><strong>precatur,</strong></span> 
     </span>
     <span class='ocr_line' id='line_1_24' title="bbox 329 3198 1367 3297; baseline 0.001 -26"><span class='ocrx_word' id='word_1_164' title='bbox 329 3203 410 3271; x_wconf 85' lang='lat' dir='ltr'><strong>Non</strong></span> <span class='ocrx_word' id='word_1_165' title='bbox 427 3215 522 3295; x_wconf 87' lang='lat' dir='ltr'><strong>pater</strong></span> <span class='ocrx_word' id='word_1_166' title='bbox 536 3226 544 3269; x_wconf 74' lang='grc' dir='ltr'><strong><em>ε</em></strong></span> <span class='ocrx_word' id='word_1_167' title='bbox 560 3198 646 3271; x_wconf 88' lang='lat' dir='ltr'><strong>adde</strong></span> <span class='ocrx_word' id='word_1_168' title='bbox 662 3224 793 3271; x_wconf 88' lang='lat' dir='ltr'><strong>moram</strong></span> <span class='ocrx_word' id='word_1_169' title='bbox 809 3198 943 3290; x_wconf 86' lang='lat' dir='ltr'><strong>sceleri,</strong></span> <span class='ocrx_word' id='word_1_170' title='bbox 959 3218 992 3272; x_wconf 92' lang='lat' dir='ltr'><strong>et</strong></span> <span class='ocrx_word' id='word_1_171' title='bbox 1008 3204 1142 3290; x_wconf 90' lang='lat' dir='ltr'><strong>metire,</strong></span> <span class='ocrx_word' id='word_1_172' title='bbox 1156 3203 1252 3297; x_wconf 90' lang='lat' dir='ltr'><strong>quod</strong></span> <span class='ocrx_word' id='word_1_173' title='bbox 1264 3202 1367 3273; x_wconf 86' lang='lat' dir='ltr'><strong>audes.</strong></span> 
     </span>
     <span class='ocr_line' id='line_1_25' title="bbox 330 3320 1275 3421; baseline 0.006 -29"><span class='ocrx_word' id='word_1_174' title='bbox 330 3323 396 3392; x_wconf 88' lang='lat' dir='ltr'><strong>Sed</strong></span> <span class='ocrx_word' id='word_1_175' title='bbox 414 3320 527 3419; x_wconf 92' lang='lat' dir='ltr'><strong>pulsat</strong></span> <span class='ocrx_word' id='word_1_176' title='bbox 543 3347 656 3393; x_wconf 90' lang='lat' dir='ltr'><strong>muros</strong></span> <span class='ocrx_word' id='word_1_177' title='bbox 674 3348 872 3419; x_wconf 85' lang='lat' dir='ltr'><strong>germanus,</strong></span> <span class='ocrx_word' id='word_1_178' title='bbox 889 3339 924 3394; x_wconf 90' lang='lat' dir='ltr'><strong>et</strong></span> <span class='ocrx_word' id='word_1_179' title='bbox 945 3327 1048 3421; x_wconf 87' lang='lat' dir='ltr'><strong>impia</strong></span> <span class='ocrx_word' id='word_1_180' title='bbox 1064 3341 1185 3397; x_wconf 90' lang='lat' dir='ltr'><strong>contra</strong></span> <span class='ocrx_word' id='word_1_181' title='bbox 1271 3380 1275 3385; x_wconf 85' lang='lat'>.</span> 
     </span>
     <span class='ocr_line' id='line_1_26' title="bbox 330 3434 1186 3537; baseline 0.003 -22"><span class='ocrx_word' id='word_1_182' title='bbox 330 3442 421 3515; x_wconf 88' lang='lat' dir='ltr'><strong>Bella</strong></span> <span class='ocrx_word' id='word_1_183' title='bbox 438 3443 525 3515; x_wconf 85' lang='lat' dir='ltr'><strong>ciet?</strong></span> <span class='ocrx_word' id='word_1_184' title='bbox 542 3460 612 3515; x_wconf 84' lang='lat' dir='ltr'><strong>non</strong></span> <span class='ocrx_word' id='word_1_185' title='bbox 630 3459 738 3515; x_wconf 88' lang='lat' dir='ltr'><strong>mater</strong></span> <span class='ocrx_word' id='word_1_186' title='bbox 753 3448 862 3537; x_wconf 90' lang='lat' dir='ltr'><strong>enim,</strong></span> <span class='ocrx_word' id='word_1_187' title='bbox 881 3471 950 3518; x_wconf 92' lang='lat' dir='ltr'><strong>non</strong></span> <span class='ocrx_word' id='word_1_188' title='bbox 963 3434 1075 3518; x_wconf 87' lang='lat' dir='ltr'><strong>obstat</strong></span> <span class='ocrx_word' id='word_1_189' title='bbox 1090 3451 1186 3519; x_wconf 86' lang='lat' dir='ltr'><strong>cunti</strong></span> 
     </span>
     <span class='ocr_line' id='line_1_27' title="bbox 330 3563 1309 3666; baseline 0.007 -32"><span class='ocrx_word' id='word_1_190' title='bbox 330 3563 409 3634; x_wconf 91' lang='lat' dir='ltr'><strong>Ulla</strong></span> <span class='ocrx_word' id='word_1_191' title='bbox 426 3590 544 3635; x_wconf 91' lang='lat' dir='ltr'><strong>soror:</strong></span> <span class='ocrx_word' id='word_1_192' title='bbox 562 3579 595 3635; x_wconf 89' lang='lat' dir='ltr'><strong>te</strong></span> <span class='ocrx_word' id='word_1_193' title='bbox 612 3582 734 3637; x_wconf 89' lang='lat' dir='ltr'><strong>cuncta</strong></span> <span class='ocrx_word' id='word_1_194' title='bbox 748 3583 891 3663; x_wconf 84' lang='lat' dir='ltr'><strong>rogant,</strong></span> <span class='ocrx_word' id='word_1_195' title='bbox 905 3568 961 3638; x_wconf 93' lang='lat' dir='ltr'><strong>hic</strong></span> <span class='ocrx_word' id='word_1_196' title='bbox 979 3568 1170 3666; x_wconf 80' lang='lat' dir='ltr'><strong>plangimus</strong></span> <span class='ocrx_word' id='word_1_197' title='bbox 1184 3596 1309 3643; x_wconf 79' lang='lat' dir='ltr'><strong>omnes</strong></span> 
     </span>
     <span class='ocr_line' id='line_1_28' title="bbox 331 3688 1178 3786; baseline 0.005 -28"><span class='ocrx_word' id='word_1_198' title='bbox 331 3688 457 3759; x_wconf 76' lang='lat' dir='ltr'><strong>astiti</strong></span> <span class='ocrx_word' id='word_1_199' title='bbox 476 3690 532 3758; x_wconf 88' lang='lat' dir='ltr'><strong>vix</strong></span> <span class='ocrx_word' id='word_1_200' title='bbox 553 3714 640 3760; x_wconf 92' lang='lat' dir='ltr'><strong>unus</strong></span> <span class='ocrx_word' id='word_1_201' title='bbox 659 3714 791 3786; x_wconf 87' lang='lat' dir='ltr'><strong>pugnas</strong></span> <span class='ocrx_word' id='word_1_202' title='bbox 808 3689 976 3761; x_wconf 88' lang='lat' dir='ltr'><strong>dissuadet</strong></span> <span class='ocrx_word' id='word_1_203' title='bbox 994 3692 1178 3782; x_wconf 84' lang='lat' dir='ltr'><strong>Adrastus,</strong></span> 
     </span>
     <span class='ocr_line' id='line_1_29' title="bbox 330 3808 1171 3910; baseline 0.007 -30"><span class='ocrx_word' id='word_1_204' title='bbox 330 3813 399 3880; x_wconf 82' lang='lat' dir='ltr'><strong>Aut</strong></span> <span class='ocrx_word' id='word_1_205' title='bbox 417 3810 556 3881; x_wconf 86' lang='lat' dir='ltr'><strong>sortasse</strong></span> <span class='ocrx_word' id='word_1_206' title='bbox 573 3811 672 3904; x_wconf 85' lang='lat' dir='ltr'><strong>jubet</strong></span> <span class='ocrx_word' id='word_1_207' title='bbox 687 3837 696 3880; x_wconf 77' lang='grc' dir='ltr'><strong>ι</strong></span> <span class='ocrx_word' id='word_1_208' title='bbox 713 3826 751 3881; x_wconf 92' lang='lat' dir='ltr'><strong>tu</strong></span> <span class='ocrx_word' id='word_1_209' title='bbox 771 3808 889 3883; x_wconf 88' lang='lat' dir='ltr'><strong>limina</strong></span> <span class='ocrx_word' id='word_1_210' title='bbox 907 3815 997 3883; x_wconf 87' lang='lat' dir='ltr'><strong>avita</strong></span> <span class='ocrx_word' id='word_1_211' title='bbox 1013 3818 1171 3910; x_wconf 84' lang='lat' dir='ltr'><strong>Deosque</strong></span> 
     </span>
     <span class='ocr_line' id='line_1_30' title="bbox 330 3933 1287 4033; baseline 0.002 -32"><span class='ocrx_word' id='word_1_212' title='bbox 330 3933 489 4026; x_wconf 91' lang='lat' dir='ltr'><strong>Linquis,</strong></span> <span class='ocrx_word' id='word_1_213' title='bbox 507 3948 541 4005; x_wconf 91' lang='lat' dir='ltr'><strong>et</strong></span> <span class='ocrx_word' id='word_1_214' title='bbox 557 3958 578 4003; x_wconf 91' lang='lat' dir='ltr'><strong>a</strong></span> <span class='ocrx_word' id='word_1_215' title='bbox 595 3934 718 4005; x_wconf 87' lang='lat' dir='ltr'><strong>nostris</strong></span> <span class='ocrx_word' id='word_1_216' title='bbox 734 3935 770 4003; x_wconf 93' lang='lat' dir='ltr'><strong>in</strong></span> <span class='ocrx_word' id='word_1_217' title='bbox 789 3933 928 4006; x_wconf 86' lang='lat' dir='ltr'><strong>fratrem</strong></span> <span class='ocrx_word' id='word_1_218' title='bbox 944 3935 1152 4033; x_wconf 84' lang='lat' dir='ltr'><strong>amplexibus</strong></span> <span class='ocrx_word' id='word_1_219' title='bbox 1168 3940 1258 4009; x_wconf 82' lang='lat' dir='ltr'><strong>exis?</strong></span> <span class='ocrx_word' id='word_1_220' title='bbox 1270 3968 1287 4003; x_wconf 84' lang='lat'><strong>»</strong></span> 
     </span>
     <span class='ocr_line' id='line_1_31' title="bbox 380 4053 1161 4149; baseline 0.01 -26"><span class='ocrx_word' id='word_1_221' title='bbox 380 4062 424 4124; x_wconf 82' lang='lat' dir='ltr'><strong>At</strong></span> <span class='ocrx_word' id='word_1_222' title='bbox 444 4068 539 4149; x_wconf 84' lang='lat' dir='ltr'><strong>p&#39;arte</strong></span> <span class='ocrx_word' id='word_1_223' title='bbox 556 4078 596 4125; x_wconf 90' lang='lat' dir='ltr'><strong>ex</strong></span> <span class='ocrx_word' id='word_1_224' title='bbox 617 4053 682 4125; x_wconf 89' lang='lat' dir='ltr'><strong>alia</strong></span> <span class='ocrx_word' id='word_1_225' title='bbox 703 4057 821 4127; x_wconf 87' lang='lat' dir='ltr'><strong>tacitos</strong></span> <span class='ocrx_word' id='word_1_226' title='bbox 842 4058 995 4131; x_wconf 86' lang='lat' dir='ltr'><strong>obstante</strong></span> <span class='ocrx_word' id='word_1_227' title='bbox 1012 4059 1161 4131; x_wconf 88' lang='lat' dir='ltr'><strong>tumultu</strong></span> 
     </span>
    </p>
   </div>
   <div class='ocr_carea' id='block_1_5' title="bbox 0 0 1490 4950">
    <p class='ocr_par' dir='ltr' id='par_1_5' title="bbox 0 0 1490 4950">
     <span class='ocr_line' id='line_1_32' title="bbox 0 0 1490 4950; baseline 0 0"><span class='ocrx_word' id='word_1_228' title='bbox 0 0 1490 4950; x_wconf 95' lang='lat' dir='ltr'><strong> </strong></span> 
     </span>
    </p>
   </div>
  </div>
 </body>
</html>
