2934 4950
85 392 119 455 (r.
137 392 215 455 m.)
406 392 662 451 nummulos
683 386 796 461 noun
811 394 840 449 ·1.
1090 396 1146 454 263

83 519 261 589 Centauri
281 517 410 590 stabula
430 517 497 591 altn
516 535 650 615 patent,
670 546 740 591 non
758 544 854 615 [equa
871 520 1025 591 nefandis

84 642 272 712 Fratribus
286 666 295 709 e
314 640 369 709 hic
386 640 562 712 hominum
578 640 689 713 nullos
707 657 844 737 experta
861 667 998 713 cruores

84 763 256 860 Spicula,
271 788 333 833 nec
350 778 478 835 uuncae
493 762 591 835 bellis
610 762 799 861 genialibus
819 766 914 850 orni,

83 891 158 957 Aut
178 886 453 981 consanguineos
473 885 570 957 fracti
589 900 733 959 crateres
753 887 789 956 in
808 887 939 974 hostes3

85 1008 156 1079 Sed
174 1008 347 1103 pharetrae
362 1009 531 1097 insontes,
548 1023 583 1079 et
600 1010 713 1079 inania
730 1023 824 1104 terga
840 1008 996 1079 ferarum.

85 1136 170 1200 Flaec
186 1154 328 1225 quoque
343 1129 424 1201 dum
439 1129 571 1217 viridis;
584 1154 663 1201 narn
675 1156 767 1202 nunc
782 1129 877 1201 labor
892 1155 981 1201 unus
997 1131 1118 1200 inermi

86 1254 202 1323 Nosse
220 1250 411 1323 salutiferas
428 1251 539 1323 dubiis
556 1254 783 1342 animantibus
800 1254 941 1340 herbas,
958 1260 963 1267 ’

87 1379 160 1445 Aut
178 1388 375 1445 monstrare
395 1373 468 1470 lyra
485 1388 613 1445 veteres
634 1376 754 1445 heroas
773 1373 921 1445 alumno.

139 1500 189 1565 At
211 1511 297 1566 tunc
318 1511 443 1567 venatu
462 1495 650 1567 rediturum
669 1498 703 1568 in
724 1496 840 1567 limine
856 1499 967 1593 primo

89 1616 304 1713 Opperiens,
321 1632 547 1713 properatque
564 1618 683 1714 dapes,
702 1619 865 1715 largoque
881 1634 1015 1698 serenat

88 1743 177 1835 Igne
199 1738 342 1809 domum
360 1764 489 1832 :quum
510 1740 580 1810 visa
599 1740 717 1835 procul
738 1740 781 1810 de
799 1739 900 1810 litore
920 1754 1027 1809 mater

90 1862 236 1952 Nereis,
257 1862 406 1956 erumpit
424 1860 539 1931 silvis:
557 1860 639 1931 dant
659 1861 782 1957 gaudia
801 1863 911 1949 vires,

90 1986 263 2077 Metaque
278 1980 417 2055 desueto
433 1984 567 2078 crepuit
583 1985 672 2053 senis
688 1982 817 2078 ungula
832 2008 964 2078 campo.

90 2108 190 2175 Tunc
205 2103 353 2174 blandus
372 2104 506 2192 dextra,
521 2103 621 2199 atque
638 2106 722 2176 imos
739 2105 923 2175 submissus
940 2106 976 2173 in
991 2128 1101 2175 armos

93 2226 310 2323 Pauperibus
325 2227 421 2297 tectis
436 2224 583 2314 inducit,
600 2240 633 2297 et
649 2224 808 2299 admovet
824 2226 940 2296 antris.

141 2347 352 2421 Jamdudum
371 2348 472 2417 tacito
494 2345 614 2417 lustrat
629 2348 746 2417 Thetis
766 2350 879 2417 omnia
897 2348 989 2433 visu;

93 2472 166 2541 Nec
184 2496 346 2567 perpessa
365 2494 476 2540 moras
493 2495 502 2537 ε
522 2468 704 2540 «Ubinam
723 2494 797 2539 mea
820 2470 981 2564 pignora,
1002 2466 1151 2540 Chiron?

95 2595 179 2682 Dic,
201 2595 272 2682 ait,
292 2607 430 2663 auteur
450 2589 518 2662 ulla
537 2615 622 2686 puer
638 2592 708 2685 jam
730 2605 883 2685 tempora
901 2589 994 2661 ducit

95 2716 142 2783 Te
162 2713 260 2786 sinel
278 2740 359 2786 num
379 2715 501 2786 merito
518 2712 670 2808 trepidus
690 2712 813 2807 sopor?
829 2727 968 2807 auoque
987 2713 1088 2782 matri

96 2837 202 2932 Signa
222 2836 358 2908 Deum?
376 2861 516 2932 magnos
536 2836 664 2906 utinam
683 2836 825 2904 mentita
842 2829 993 2904 timores!

97 2959 256 3054 Namque
271 2959 355 3028 mihi
372 2957 509 3032 infestos
526 2972 623 3028 utero
640 2956 742 3028 modo
762 2972 906 3027 contuor
925 2980 1040 3043 enses,

97 3081 198 3152 Nunc
221 3079 358 3176 planctu
380 3080 482 3154 livere
499 3105 638 3168 manus,
658 3077 760 3152 modo
778 3079 812 3148 in
832 3078 934 3150 ubera
952 3101 1055 3148 saevas

97 3202 152 3269 Ire
173 3203 286 3272 seras:
307 3228 393 3298 saepe
410 3204 497 3298 ipsa,
515 3198 623 3273 nefas!
643 3202 704 3274 sub
724 3199 839 3272 inania
855 3214 972 3269 natum

98 3325 260 3416 Tartara,
278 3325 368 3395 etad
382 3326 508 3422 stygios
522 3327 642 3396 iterum
657 3325 729 3394 fero
745 3349 897 3419 mergere
914 3324 1032 3392 fontes.

98 3447 168 3514 Hos
186 3445 322 3517 abolere
339 3462 448 3518 metus
464 3449 586 3543 magici
601 3448 698 3540 jubet
717 3445 837 3517 ordine
851 3447 936 3516 sacri

100 3565 304 3661 Carpathius
321 3581 431 3657 vates,
447 3593 656 3672 puerumque
676 3569 738 3638 sub
757 3594 819 3639 axe
838 3567 979 3663 probato

102 3689 245 3761 Secretis
264 3689 408 3762 lustrare
429 3691 545 3780 fretis,
564 3691 622 3760 ubi
639 3687 739 3761 litora
755 3716 887 3762 summa

102 3809 248 3903 Oceani,
267 3828 301 3884 et
315 3813 447 3910 genitor
468 3827 557 3908 tepet
577 3811 792 3884 illabentibus
808 3815 905 3884 astris

103 3933 247 4024 Pontus,
270 3936 327 4005 ubi
346 3937 469 4033 ignotis
487 3935 655 4006 horrenda
672 3936 804 4032 piacula
824 3939 939 4024 Divis,

104 4057 268 4152 Donaque
284 4084 291 4126 ε
307 4057 365 4127 sed
380 4056 518 4152 longum
533 4072 655 4128 cuncta
670 4084 883 4150 enumcrare,
899 4073 1079 4153 vetorque3
