2934 4950
357 446 688 474 mmmmm

550 715 779 822 LIBER
813 711 1206 819 SEPTIMUS.

816 1040 959 1061 *-

360 1238 505 1381 Arous
522 1316 561 1363 ea
572 1304 771 1363 cunctantes
789 1288 881 1385 Tyrii
897 1286 1081 1383 primordia
1093 1284 1172 1356 belli
1206 1330 1210 1336 -

358 1417 510 1514 Juppiter
527 1412 618 1485 haud
635 1436 730 1508 aequo
748 1408 1011 1506 respexitcorrle
1029 1406 1202 1503 Pelasgos,

358 1537 603 1631 concussitque
621 1548 740 1631 caput;
757 1546 852 1602 motu
871 1556 941 1625 quo
959 1529 1045 1599 celsa
1064 1527 1219 1598 laboer
1305 1568 1308 1572 ›

360 1658 494 1747 Sidera,
509 1653 758 1751 proclamatque
778 1651 866 1753 adici
883 1651 1068 1733 cervicibus
1083 1647 1188 1719 Atlas.

359 1782 455 1850 Tunc
473 1778 520 1847 ita
536 1774 685 1846 velocem
700 1777 825 1869 Tegees
842 1770 965 1843 alfamr
983 1769 1157 1841 alumnum
1172 1795 1191 1850 ε,

408 1928 426 1964 α
439 1900 475 1988 1,
494 1896 642 1966 medium
659 1893 779 1990 rapido
797 1898 928 1964 Borean
946 1892 1083 1962 illabere
1100 1890 1186 1961 saltu

359 2018 524 2091 Bistonias
541 2041 640 2111 super
657 2040 763 2115 usque
779 2014 914 2105 domos,
934 2038 1095 2107 axemque
1115 2013 1223 2082 nivosi

237 2192 242 2203 ·
360 2140 505 2227 Sideris3
522 2142 658 2211 Oceano
676 2139 901 2235 vetitumque
919 2136 1092 2207 Parrhasis
1110 2136 1221 2231 ignem

359 2261 519 2333 Nubibus
533 2259 690 2357 hybernis
710 2272 746 2329 et
760 2272 876 2329 nostro
894 2259 1043 2353 pascitur
1059 2257 1168 2339 irnbri.

359 2386 468 2477 Atque
485 2380 531 2450 ibi
550 2405 607 2450 seu
625 2381 733 2476 posita
752 2379 894 2477 respirat
911 2357 1049 2476 cuspide
1069 2382 1221 2469 Mavors,

359 2504 564 2598 Quanquam
580 2501 686 2572 invise
702 2503 813 2596 quies;
828 2525 902 2592 seu,
918 2501 1008 2596 quod
1023 2516 1110 2589 reor,
1127 2526 1220 2571 arma
1237 2503 1383 2594 tubasque

359 2624 539 2694 Insatiatus
558 2622 675 2713 habet,
694 2645 845 2717 caraeque
862 2623 897 2692 in
916 2624 1078 2719 sanguine
1096 2625 1203 2718 gentis

359 2745 538 2828 Luxuriam
556 2768 696 2840 propere
713 2744 861 2814 monitus
879 2745 1028 2839 iramque
1046 2747 1192 2840 parentis

359 2862 446 2954 Ede,
467 2862 551 2934 nihil
570 2889 710 2960 parcens
728 2889 874 2960 :nempe
890 2863 971 2935 olim
990 2866 1168 2936 accendere
1184 2868 1295 2963 jussus

359 2987 512 3056 Inachias
530 2987 634 3073 acies,
654 3002 755 3081 atque
772 3011 874 3057 omne
890 2986 981 3082 quod
999 2987 1158 3058 Isthmius
1175 2989 1278 3059 umbo

360 3107 520 3194 Distinet,
538 3121 573 3176 et
590 3131 698 3177 raucae
715 3109 939 3178 circumtonat
956 3109 1006 3178 ira
1024 3107 1154 3179 Maleae.

360 3223 413 3296 llli
428 3229 484 3296 vix
501 3252 613 3297 muros
629 3226 797 3322 limenque
812 3252 945 3325 egressa
958 3230 1117 3322 juventus

359 3349 462 3417 Sacra
479 3346 595 3417 colunt
612 3373 620 3416 :
639 3347 756 3418 credas
775 3347 864 3419 bello
880 3348 1030 3439 rediisse,
1049 3365 1101 3420 tot
1115 3352 1241 3422 instant

360 3465 548 3555 Plausibus‚
566 3467 752 3563 offensique
768 3470 884 3541 sedent
897 3470 940 3540 ad
954 3472 1044 3565 justa
1061 3473 1216 3568 sepulcri.

360 3588 466 3658 Hicue
483 3603 579 3679 tuus,
598 3589 764 3681 Gradive,
781 3589 896 3662 furor?
913 3608 1009 3663 sonet
1026 3594 1108 3663 orbe
1125 3621 1258 3668 recusso

361 3709 497 3797 Discus,
515 3725 549 3779 et
565 3708 700 3781 OEbalii
718 3726 840 3781 coeunt
856 3712 890 3781 in
909 3710 1026 3806 proelia
1042 3729 1169 3784 caestus.

361 3831 405 3898 At
423 3830 449 3897 si
468 3831 531 3924 ipsi
550 3832 677 3922 rabies,
697 3832 842 3926 ferrique
857 3833 975 3902 insana
994 3834 1147 3931 voluptas

361 3951 438 4038 Qua
456 3965 578 4039 tumet;
596 3953 776 4022 immeritas
797 3955 899 4024 cineri
920 3954 1010 4024 dabit
1028 3935 1148 4051 impius
1166 3961 1280 4046 urbes,

363 4073 501 4140 Ferrum
520 4073 696 4169 ignemque
709 4075 835 4165 ferens,
857 4074 1136 4171 implorantesque
1152 4082 1332 4150 Tonantem
