2934 4950
363 481 415 550 nt
719 479 749 534 r.
771 479 896 536 runnu
915 477 1039 534 eram
1306 474 1341 534 n.
1354 476 1406 538 a.)

359 606 529 692 Hectoris,
548 603 723 674 Haemonio
740 602 851 698 pudor
866 618 916 672 est
934 601 1074 672 servisse
1087 599 1223 688 marito.

409 731 487 798 Non
502 751 565 821 ego
585 725 743 817 quassati
763 738 872 794 certus
892 724 956 794 sibi
970 745 1051 791 voce
1070 743 1193 790 canora

363 849 502 918 Inferias
520 847 696 944 praemittit
713 845 799 944 olor,
826 871 887 916 nee
904 870 988 940 rupe
1004 841 1096 938 qnod
1111 856 1183 912 atre

359 968 538 1063 Tyrrhenae
554 965 707 1036 volucres
727 967 839 1036 nautis
855 964 1020 1061 praedulce
1037 965 1223 1054 minantur,

354 1076 403 1158 'ln
419 1089 546 1185 patrios
565 1087 732 1157 adhibebo
749 1110 866 1182 rogos3
884 1109 1142 1168 nonmurmure
1160 1102 1281 1156 trunco

361 1210 466 1301 Quod
484 1209 609 1305 gemit,
627 1221 662 1278 at
678 1207 759 1278 dirae
774 1208 926 1302 queritur
944 1205 1130 1276 Philomela
1147 1209 1273 1294 sorori;

359 1332 451 1401 Nota
469 1329 569 1399 nimis
585 1329 653 1398 vati
673 1354 681 1397 :
700 1329 775 1422 quis
794 1353 863 1398 non
881 1328 917 1396 in
934 1327 1053 1397 funera
1070 1342 1207 1398 cunctos

359 1449 537 1520 Heliadum
554 1473 682 1538 ramos,
700 1446 949 1544 lacrymosaque
967 1449 1117 1543 germina
1134 1447 1247 1536 duxit,

360 1577 404 1643 Et
420 1571 605 1666 Phrygium
625 1568 766 1656 silicem,
784 1582 885 1662 atque
905 1592 1024 1640 ausum
1042 1569 1209 1652 contraria
1226 1571 1357 1642 Phoebo

360 1695 536 1781 Carmina,
556 1716 618 1761 nec
634 1689 721 1760 foeda
741 1691 888 1784 gavisam
905 1688 1041 1762 Pallada
1057 1689 1172 1760 buxo?

361 1816 408 1883 Te
425 1814 535 1883 Pietas
553 1809 659 1883 oblita
675 1813 800 1897 virum,
818 1825 1039 1904 revocataque
1057 1809 1141 1882 caelo

355 1933 513 2018 lustitia,
531 1945 566 2001 et
583 1932 715 2024 gemina
732 1927 867 2025 planget
886 1930 1055 2002 Facundia
1075 1929 1207 2025 lingua,

360 2055 406 2122 Et
421 2051 548 2142 Pallas,
566 2050 724 2145 doctique
739 2052 859 2126 cohors
876 2049 1048 2124 Heliconia
1068 2051 1205 2138 Phoebi;

361 2173 448 2263 Quis
469 2174 578 2243 honor
593 2173 720 2243 Aonios
738 2196 819 2242 seno
835 2171 918 2268 pede
936 2171 1058 2242 ducere
1077 2188 1210 2262 cantus,

362 2298 405 2364 Et
422 2294 543 2388 quibus
558 2292 701 2364 Arcadia
719 2316 854 2365 carmen
871 2292 1038 2365 testudine
1055 2294 1176 2366 mensis

362 2420 453 2487 Cura
472 2412 558 2512 lyre,
576 2437 765 2508 nomenque
783 2413 867 2502 fuit;
884 2438 1034 2509 quosque
1051 2415 1133 2489 orbe
1151 2415 1212 2493 suh
1227 2418 1325 2487 omni

362 2536 477 2607 Ardua
494 2552 630 2632 septena
647 2550 803 2605 numerat
818 2536 988 2630 Sapientia
1005 2535 1111 2624 fama3

363 2658 433 2746 Qui
450 2655 573 2743 furias,
592 2680 777 2751 regumque
794 2653 905 2744 dolos,
924 2680 1105 2751 aversaque
1123 2655 1206 2727 coelo

363 2778 479 2850 Sidera
498 2777 646 2848 terrifico
663 2802 765 2871 super
780 2780 957 2853 intonuere
973 2778 1156 2861 cethuram

362 2904 404 2969 Et
422 2899 496 2994 quis
516 2898 637 2974 lasciva
653 2901 740 2975 vires
757 2914 896 2977 tenuare
913 2897 1032 2975 Thalia

362 3018 488 3106 Dulce,
506 3019 560 3089 vel
580 3021 701 3097 heroos
720 3044 836 3116 gressu
856 3034 1013 3091 truncare
1031 3036 1173 3095 tenores.

363 3143 487 3211 Omnia
504 3166 649 3235 namque
669 3144 782 3214 animo
803 3141 1011 3238 complexus,
1028 3156 1060 3213 et
1079 3142 1233 3219 omnibus
1253 3160 1375 3217 auctor

365 3264 444 3352 Qua
463 3263 556 3333 sandi
573 3264 627 3336 ria
645 3261 711 3332 lata
729 3276 821 3359 patet
839 3289 847 3331 ε
866 3265 935 3336 sire
953 3288 1028 3333 orsa
1044 3262 1166 3341 libebat

364 3385 481 3456 Aoniis
498 3386 625 3455 vincire
642 3386 766 3473 modis,
784 3408 842 3461 seu
858 3410 939 3461 voce
957 3386 1076 3469 soluta<

363 3509 542 3602 Spargere,
559 3520 594 3578 et
609 3506 737 3585 effreno
753 3506 885 3578 nimbos
901 3530 1032 3601 aequare
1047 3507 1191 3603 profatu.

411 3631 535 3697 Exsere
553 3630 732 3699 semirutos
753 3628 864 3699 subito
884 3629 925 3703 de
946 3627 1083 3723 pulvere
1100 3628 1232 3721 vultus,

364 3750 591 3843 Parthenope,
609 3750 802 3844 crinemque
819 3750 932 3825 afflato
949 3766 1063 3823 monte
1078 3752 1201 3847 sepulti

363 3873 455 3940 Pone
473 3896 574 3967 super
593 3872 759 3959 tumulos,
777 3888 810 3945 et
827 3877 940 3969 magni
959 3874 1059 3948 funus
1075 3874 1222 3966 alumni,

363 3996 443 4082 Quo
458 4017 526 4061 non
542 3992 733 4087 Munychiae
750 3993 932 4090 quidquam
951 3998 1162 4091 prestantius
1181 4023 1290 4085 arces,

364 4118 513 4192 Doctave
531 4120 675 4210 Cyrene,
694 4119 852 4211 Sparteve
871 4118 1018 4190 animosa
1040 4122 1175 4191 creavit.
