2934 4950
336 464 378 520 ru
397 467 428 520 r.
451 466 481 519 r.
502 463 627 520 suurn
649 464 742 522 smv.
763 463 835 520 ms.
853 465 907 554 tv.
1084 483 1140 537 277

138 582 194 636 Nee
207 581 282 635 enim
300 581 463 654 Pl'rynthins
476 583 566 636 alrnoe
578 581 680 637 Pecms
692 583 830 638 ammittit
843 578 881 660 (r.
900 579 975 660 rou).
995 583 1063 640 «Sc.
1078 595 1120 639 est
1134 605 1141 638 ι

101 677 195 748 Neque
214 673 291 729 euim
308 674 474 750 Tirynthius
485 674 545 747 jam
557 673 633 731 fama
646 674 774 732 amicitiae
793 685 852 742 est,
872 685 1026 750 postquam
1045 685 1139 732 terum

101 765 256 839 comparari
269 766 371 840 ooepit3
382 791 395 816 s
409 767 469 822 boee
486 777 516 822 et
528 766 629 823 similia
641 769 785 838 Gronov„
800 785 830 842 p.
845 785 899 838 ²7¹
920 785 977 842 sq„
992 767 1143 843 dequibus

98 856 196 914 merito
205 857 321 914 dubitat
335 859 439 915 Marll.
454 857 570 933 Optime
586 858 710 931 conjecit
722 861 810 936 Hugo
824 857 942 916 Grotius
956 879 963 914 ε
978 885 990 909 «ι
1000 878 1053 916 nec
1067 860 1141 915 enim

98 950 257 1007 menander
274 952 352 1007 alme
371 954 472 1008 Pectus
490 951 656 1008 amicitiae.»

135 1045 230 1102 Caum.
245 1046 281 1102 V.
297 1044 454 1102 Alcaienm.
472 1044 626 1119 Septimius
639 1063 676 1101 ex
688 1044 786 1101 Africa
800 1045 948 1103 oriundus.

137 1137 244 1193 macra
262 1138 547 1212 remonsfiundrlrns
560 1140 663 1194 annuis
678 1135 717 1216 (r.
732 1135 772 1216 9)τ
793 1139 840 1195 Sic
852 1140 957 1195 Markl.
979 1136 1077 1218 (codd
1091 1157 1143 1194 ve-

98 1227 160 1307 ris),
176 1230 279 1286 melius
293 1249 380 1305 quarn
394 1230 510 1288 eritimrs
524 1250 592 1287 suns
608 1228 778 1286 Wakefield.
799 1228 837 1288 ad
855 1231 959 1302 Lucu,
976 1249 1016 1300 iv,
1034 1228 1100 1286 550.

134 1323 227 1378 Multo
242 1324 350 1378 lumine
363 1319 414 1401 (v.x
426 1321 481 1402 ri).
505 1324 597 1381 Fumo
621 1339 657 1378 ex
677 1321 760 1399 igne,
778 1322 924 1395 affectate3
941 1343 969 1378 v.
991 1325 1142 1392 Gnouton,

97 1431 124 1487 p.
140 1413 198 1469 280
216 1433 259 1488 sq.

134 1508 189 1562 Hie
201 1527 268 1563 rnea
283 1508 413 1564 carrm'nn
430 1506 468 1588 (v.
487 1525 524 1564 aa
540 1506 653 1595 sqq.).'«
662 1509 698 1564 In
716 1509 832 1564 Albano
845 1508 930 1564 festas
944 1506 1142 1581 Quinquatrus

97 1600 215 1656 instituit
231 1600 412 1659 Domitianus
430 1601 551 1672 Palladi,
565 1618 654 1677 quam
665 1620 724 1675 prae
738 1601 838 1658 ceteris
856 1600 910 1658 diis
923 1600 1036 1657 colebat
1048 1619 1081 1656 ae
1094 1611 1142 1656 tu-

98 1695 210 1750 telarem
226 1694 283 1750 sibi
298 1706 472 1770 sumpserat,
492 1695 581 1752 immo
601 1694 684 1767 cujus
701 1693 777 1751 filius
794 1693 938 1769 gaudebat
955 1693 1061 1751 vocam.
1076 1694 1142 1757 uIn

98 1785 141 1842 bis
155 1785 242 1862 igitur
264 1787 512 1844 commissionibus
530 1787 608 1844 festis
626 1805 764 1844 eoronam
786 1786 944 1862 oleaginum
965 1804 1082 1842 auream
1099 1794 1143 1840 ter

97 1891 291 1954 reportaverat
306 1880 451 1955 Papinius.
466 1882 560 1939 Multa
574 1881 612 1938 de
631 1881 686 1936 bae
700 1899 733 1937 re
750 1884 878 1936 Gronov.
893 1879 1006 1956 integro
1020 1897 1045 1934 c.
1058 1896 1142 1946 xnrr,

96 1973 197 2046 1³·273
211 1992 276 2048 sus·

136 2067 250 2122 Relictir
262 2066 391 2122 uberibus
404 2064 443 2143 (r.
460 2063 519 2141 35).
535 2067 600 2124 Hoc
615 2075 658 2122 est
670 2067 743 2122 lace
755 2065 920 2138 depulsum,
935 2073 969 2118 nt
986 2044 1026 2118 ait
1044 2064 1141 2118 Hora-

97 2158 160 2215 tius
172 2161 208 2215 V.
227 2159 348 2214 Mnus.
363 2191 404 2202 —
420 2160 465 2215 De
476 2160 598 2214 Iuturna
617 2161 712 2214 Varro
728 2177 735 2211 :
750 2180 763 2206 ι
774 2159 895 2212 Jutuma
913 2154 987 2211 inter
1007 2154 1141 2230 proprios

97 2253 165 2308 deos
181 2252 385 2328 Nymphasque
402 2250 555 2326 ponitur.»

134 2361 251 2414 Βοὶωα·
265 2358 374 2413 nesairr
395 2355 504 2430 Afir'coe
517 2353 556 2424 (r.
572 2354 631 2435 38).
647 2357 694 2413 Ob
706 2355 795 2413 fidem
808 2353 952 2430 punicam.
970 2354 1004 2408 V.
1022 2353 1139 2408 Minus.

99 2453 170 2508 Ante
185 2469 253 2508 enm
269 2468 285 2507 e
299 2448 402 2507 codd:
416 2451 549 2506 Vadosoe.
565 2449 734 2507 «Vadosam
747 2447 785 2505 ad
797 2448 895 2523 Syrtes
901 2455 1028 2521 spectare
1037 2455 1141 2519 puto.»

955 2540 1079 2595 wissa.

135 2640 222 2693 Arcto
235 2637 341 2692 lumine
350 2655 490 2712 purpurea
504 2632 543 2713 (v.
560 2633 617 2713 42).
637 2638 770 2712 Angusto
788 2634 878 2690 clauo.
887 2635 922 2687 V.
941 2634 1061 2687 Maura.

135 2746 223 2800 Plum
234 2763 325 2818 pones
338 2740 378 2822 (r.
396 2740 455 2821 57).
468 2742 578 2799 Ponere
595 2760 652 2817 pro
670 2740 812 2811 condere,
832 2737 973 2797 utilieum
991 2747 1020 2793 et
1037 2747 1142 2810 poeta»

100 2858 159 2894 mm
176 2838 302 2895 verbnm
318 2836 385 2893 satis
403 2836 582 2893 illustrarunt
599 2836 724 2911 interpp.
740 2833 778 2891 ad
794 2834 912 2903 Horat,
931 2850 955 2891 e.
977 2851 1001 2888 c.
1021 2830 1057 2887 ad
1082 2834 1141 2886 Are.

101 2942 189 3003 poet,
214 2947 282 2986 ruo.

138 3026 230 3082 esu.
247 3025 299 3081 Vl.
315 3024 422 3081 Confer
435 3043 501 3081 enm
517 3025 574 3082 boo
590 3024 716 3081 carmine
730 3021 859 3096 ejusdem
879 3020 1017 3075 ieunenlae
1036 3015 1143 3073 deseri-

103 3116 223 3189 ptionem
243 3116 477 3192 apud‘Martial„
490 3136 535 3189 rx,
555 3118 657 3193 Epr’gr.
674 3124 720 3185 44.

115 3262 122 3279 ,
139 3224 276 3281 Patulus...
294 3224 384 3298 septis
402 3219 414 3301 (
434 3263 441 3278 .
464 3221 502 3300 a).
521 3247 534 3274 s
550 3224 637 3297 Septa
658 3224 722 3281 loca
739 3222 822 3296 juxta
843 3238 974 3295 campum
991 3216 1143 3286 Martium,

103 3316 151 3371 ubi
173 3316 253 3392 signa
273 3314 415 3371 artificum
434 3325 517 3371 erant
539 3315 668 3386 venalia,
688 3326 717 3371 et
741 3314 824 3389 pueri
840 3325 868 3370 et
888 3332 934 3370 res
950 3310 1141 3386 pretiosiores.

104 3409 236 3480 Maroni,
251 3426 302 3478 rx,
317 3408 355 3464 60
374 3428 382 3462 :

201 3569 232 3617 In
242 3564 318 3631 septis
329 3567 455 3615 Mamurra
464 3564 507 3614 diu
520 3563 669 3629 multumque
679 3572 790 3628 rugatus,
863 3610 864 3613 ,

238 3647 770 3713 llieubiltomsmasaureerersatopes.·

973 3732 1083 3786 Dorttr.

144 3828 225 3881 Alter
236 3825 339 3882 Castor·
356 3823 395 3905 (v.
422 3823 456 3881 15
473 3825 537 3902 sep).
556 3823 713 3886 «Luciferz
731 3842 798 3881 nam
818 3840 910 3899 quum
929 3821 1044 3877 alternis
1062 3818 1143 3874 rive-

107 3927 181 3987 rent,
198 3918 331 3974 nonnulli
347 3918 504 3975 Dioscuros
518 3917 682 3974 Luciferum
697 3926 725 3973 et
738 3919 897 3989 Hesperum
915 3912 1044 3969 dixere.»
1061 3913 1144 3967 Wus.

107 4040 144 4050 -
156 4010 200 4066 sd
222 4030 250 4067 r.
269 4030 318 4083 17,
338 4010 374 4067 el.
390 4009 543 4067 Schraderi
559 4010 654 4066 Anim.
675 4010 705 4063 in
719 4009 876 4087 Musoeum,
897 4026 921 4061 c.
941 4024 1010 4075 xvi,
1027 4023 1056 4077 p.
1078 4000 1144 4057 288.

145 4104 199 4157 Hic
212 4105 265 4159 tibi
284 4124 349 4179 quoe
366 4106 447 4160 docto
460 4107 575 4160 multum
592 4103 714 4177 vigilata
731 4102 846 4173 Myroni
863 4096 900 4178 (v.
924 4096 981 4176 25).
1004 4094 1146 4155 «Parodia
