2934 4950
117 456 226 519 (atat.)
434 456 648 513 Ttluaatnos
669 458 780 517 Ltssntt
800 462 836 516 ll.
1104 460 1161 513 215

117 586 191 651 Haec
208 584 278 678 regi
297 584 475 679 promissa,
490 584 624 677 Cydon,
640 584 726 673 haec,
746 588 887 684 Lampe,
904 584 1112 655 dabamusis
1134 588 1137 593 ’

116 705 205 772 Dum
222 703 359 791 clamat,
377 704 468 773 subit
485 728 544 773 cre
560 728 642 774 cavo
658 704 858 776 Theumesia
877 728 1016 792 cornus,'
1045 734 1048 737 ⁴
1125 740 1131 763 ι

116 824 185 893 Nec
200 800 380 918 prehibent
395 824 506 894 fauces
525 848 533 893 τ
549 840 650 919 atque
667 824 717 894 illi
733 849 815 896 voce
831 824 957 921 repleta

115 946 311 1041 Intercepta¹
323 960 418 1015 natat
436 942 600 1041 prerupto
620 946 655 1015 in
673 948 836 1043 sanguina
851 942 979 1041 lingua.

115 1066 230 1135 Stabat
248 1067 371 1152 adhuc,
390 1067 497 1137 donec
514 1069 706 1137 transmissa
723 1083 833 1137 morte
849 1092 912 1163 per
928 1083 1023 1137 artus

115 1186 270 1275 Labitur,
288 1188 511 1283 immorsaque
528 1187 650 1259 cadens
671 1189 841 1258 obmutuit
858 1188 963 1257 hasta

162 1310 233 1377 Vns
251 1332 399 1403 quoque,
415 1308 626 1405 thespiadae,
646 1332 709 1379 cur
728 1310 889 1380 infitiatus
907 1309 1037 1379 honora

114 1430 288 1498 Arcuerim
306 1428 413 1499 fama?
428 1430 539 1500 fratris
556 1430 758 1501 moribunda
773 1431 905 1504 levabat

114 1549 268 1618 Membra
286 1547 357 1619 solo
373 1551 533 1646 Periphas
550 1549 621 1648 (nil
639 1550 753 1622 indole
768 1551 890 1622 clarius
905 1549 979 1639 itta,-

114 1672 186 1741 Nec
205 1664 329 1767 pietate
346 1670 410 1741 fuit
421 1671 451 1767 ),
471 1671 554 1742 laeva
571 1676 753 1743 marcentia
771 1671 859 1743 coila

113 1792 325 1882 Sustentans,
344 1791 528 1889 dextraque
548 1792 636 1863 latus
659 1792 891 1892 :singultibus
908 1810 1039 1865 arctum

113 1913 280 1983 Exhaurit
295 1913 432 1985 thoraca
449 1914 545 1999 dolor
565 1940 572 1983 τ
592 1940 653 1985 nec
673 1915 783 1985 vincla
798 1923 953 1996 coercent
1030 1920 1035 1933 '

112 2032 304 2105 Undantent
323 2034 404 2105 fletu
424 2036 567 2133 galeam,
590 2062 694 2131 quum
714 2034 823 2106 multa
841 2038 986 2132 gementi

112 2158 204 2225 Pone
221 2158 331 2252 gravis
348 2181 467 2228 curvas
484 2156 662 2254 perfringit
680 2158 794 2229 lanam
810 2172 929 2229 costas.

113 2279 190 2347 Exit
207 2292 241 2347 et
261 2280 296 2347 in
314 2277 466 2367 fratrem,
484 2294 692 2375 cognataque
708 2295 844 2377 pectora
859 2278 926 2349 telo

112 2400 269 2475 Conserit
286 2425 294 2467 :
313 2397 369 2469 ille
381 2400 496 2469 oculos
509 2402 693 2471 etiamnum
706 2404 742 2470 in
754 2399 829 2472 luce
841 2415 994 2471 natantes

112 2521 221 2608 Sistit,
240 2536 274 2592 et
293 2521 447 2618 adspecta
468 2524 618 2617 genuani
636 2538 761 2613 morte,
778 2521 924 2592 resolvit.

112 2645 155 2711 At
170 2644 226 2711 cui
243 2643 312 2711 vita
329 2643 459 2732 recens,
476 2658 511 2713 et
529 2644 640 2714 adhuc
660 2647 696 2714 in
714 2643 854 2714 vulnere
869 2646 957 2713 vires
978 2669 986 2710 :

113 2766 210 2832 «Hos
226 2765 289 2838 tibi
307 2763 517 2860 complexus,
535 2767 606 2835 haec
624 2765 718 2856 dent,
738 2766 800 2853 ait,
818 2763 933 2834 oscula
954 2765 1063 2833 nati.»

111 2885 325 2954 Procubuere
341 2911 438 2982 pares
455 2885 547 2975 fatis,
563 2885 750 2956 miserabile
764 2901 882 2956 votum

73 3077 75 3084 .
111 3007 250 3092 Mortis,
268 3021 301 3076 et
319 3005 448 3077 alterna
466 3006 658 3078 clauserunt
674 3006 803 3078 lumina
821 3006 947 3076 dextra.

158 3128 316 3197 Protinus
334 3127 423 3198 idem
440 3127 532 3198 ultro
548 3127 662 3223 jaculo
681 3147 863 3224 parmaque
880 3130 1060 3197 Menoeten

110 3249 324 3318 Proterrebat
342 3271 458 3344 agens,
480 3249 619 3345 trepidis
637 3251 776 3347 vestigia
793 3265 884 3326 retro

111 3369 266 3439 Passibus
284 3355 475 3466 urgentem,
492 3371 599 3440 donec
619 3370 742 3441 defecit
761 3373 878 3466 iniqua

111 3492 242 3586 lapsus
260 3493 379 3579 humo,
397 3494 586 3588 pariterque
604 3517 723 3563 manus
742 3491 920 3562 distractus
938 3494 973 3562 in
993 3489 1109 3562 ambas

111 3615 212 3702 Orat,
230 3629 264 3683 et
284 3640 304 3684 a
319 3613 440 3710 jugulo
460 3615 622 3684 nitentem
642 3615 784 3684 sustinet
804 3616 934 3684 hastam
956 3641 964 3682 ε

159 3738 289 3805 «Parce
307 3759 367 3830 per
382 3735 441 3804 has
458 3713 561 3804 stellis
576 3717 854 3806 interlabentibus
871 3737 1022 3836 umbpm,

111 3858 174 3925 Per
191 3859 355 3950 Superos,
372 3870 572 3952 noctemque
590 3873 685 3928 tuam
704 3883 712 3926 ε
733 3858 820 3946 sine,
840 3857 948 3926 tristia
962 3855 1086 3925 Thebis

111 3978 257 4048 Nuntius
274 3991 349 4046 acta
366 3975 487 4066 feram,
506 3977 663 4074 vulgique
679 4003 742 4074 per
757 3987 817 4049 cra
832 3979 985 4074 paventis

111 4101 293 4170 Contemtc
311 4115 344 4169 te
362 4125 440 4195 rege
457 4126 573 4172 canam
593 4129 601 4170 ε
622 4103 667 4171 sic
686 4101 779 4171 irrita
797 4101 893 4174 nobis
