2934 4950
370 481 407 541 dl
679 478 890 534 Tuunnmos
909 478 1019 535 LIBER
1038 476 1087 530 VI.
1211 504 1216 515 ·
1293 466 1392 533 (tull-l

371 599 505 688 Gloria,
526 601 686 669 terrificos
706 601 997 671 humeriletolus
1016 602 1156 670 amictus

371 721 524 805 Eruitur,
542 723 754 815 patriumque
772 747 864 791 suem
887 748 894 790 :
914 720 1002 790 levet
1019 722 1127 793 ardua
1147 732 1265 785 contra

370 843 540 937 Membra,
560 840 721 911 Cleonaeae
740 844 851 937 stirpis
868 843 1013 935 jactator
1030 838 1206 938 Agylleus,

370 960 533 1030 Herculea
553 987 613 1031 nec
632 962 718 1032 mole
733 965 843 1032 minor
859 989 867 1031 :
884 965 931 1031 sic
950 962 1132 1058 grandibus
1148 940 1218 1031 alte

369 1084 550 1177 Insurgens
569 1083 733 1171 humeris,
753 1084 922 1153 hominem
940 1108 1039 1177 super
1058 1084 1233 1178 improbus
1252 1079 1325 1144 exit.

370 1203 434 1273 Sed
453 1228 521 1271 non
540 1202 596 1272 ille
613 1206 713 1299 rigor,
735 1206 946 1298 patriumque
966 1206 1158 1298 incorpore
1178 1203 1294 1292 roburf

370 1327 557 1395 Luxuriant
575 1340 687 1413 artus,
708 1324 880 1419 effusaque
897 1325 1058 1419 sanguine
1078 1322 1153 1392 laxo

370 1445 519 1513 Membra
540 1460 656 1515 natant
675 1474 682 1514 :
705 1445 782 1515 inde
801 1447 870 1513 lraec
891 1444 1001 1513 audax
1020 1443 1143 1519 fiducia
1161 1457 1290 1512 tantum

371 1565 513 1634 OEnidae
532 1591 689 1661 superare
707 1591 832 1660 parem.
851 1566 1053 1658 Quanquam
1071 1566 1141 1658 ipse
1158 1562 1262 1630 videri

371 1688 536 1781 Exiguus,
559 1691 671 1784 gravia
689 1712 764 1756 ossa
780 1701 909 1773 tamen,
930 1686 1092 1779 nodisque
1110 1681 1224 1752 lacerti

371 1807 530 1878 Difficiles
550 1836 558 1876 :
578 1832 750 1901 nunquam
769 1808 858 1875 hunc
877 1807 1023 1874 animum
1043 1806 1172 1876 Natura
1193 1804 1310 1870 minori

372 1933 538 2023 Corpore,
557 1954 618 1995 nec
638 1943 745 1996 tantas
764 1952 844 1996 ausa
863 1943 913 1996 est
934 1925 1101 1995 includere
1120 1926 1218 1993 vires.

419 2052 599 2141 Postquam
619 2047 691 2116 oleo
713 2048 828 2142 gavisa
844 2050 947 2132 cutis,
965 2049 1047 2142 petit
1067 2070 1180 2139 aequor
1200 2060 1335 2136 uterque

376 2172 539 2237 Procursu
557 2169 721 2255 medium,
744 2183 844 2262 atque
862 2169 981 2237 haustu
998 2168 1137 2236 vestitur
1156 2190 1266 2233 arena.

372 2292 457 2357 Tum
476 2287 627 2358 madidos
645 2304 745 2391 artus.
757 2288 884 2382 alterno
903 2287 1038 2383 pulvere
1053 2290 1197 2373 siccant,

372 2408 531 2504 Collaque
551 2409 734 2481 demersere
755 2410 916 2498 humeris,
935 2424 969 2479 et
989 2410 1125 2479 brachia
1142 2407 1208 2477 late

373 2533 463 2600 Vara
482 2547 603 2602 tenent.
623 2535 695 2601 Jam
714 2546 794 2600 tunc
812 2546 886 2600 astu
902 2530 1035 2599 deducit
1053 2532 1087 2598 iu
1105 2554 1237 2622 aequum

373 2648 539 2737 Callidus,
560 2667 593 2719 et
611 2625 734 2720 celsum
754 2667 934 2746 procurvat
952 2649 1089 2746 Agyllea
1101 2648 1239 2744 Tydeus

373 2771 561 2839 Submissus
581 2785 693 2864 tergo,
714 2788 748 2840 et
768 2774 906 2867 genibus
926 2773 1055 2840 vicinus
1073 2793 1192 2839 arenae.

418 2888 478 2960 Ille
495 2907 623 2978 autem,
642 2891 754 2987 Alpini
774 2891 876 2960 veluti
896 2893 1012 2986 regina
1031 2913 1205 2987 cupressus

372 3011 535 3096 Verticis,
554 3025 711 3105 urgentes
731 3015 892 3082 cervicem
909 3009 1047 3081 inclinat
1063 3013 1098 3080 iu
1117 3014 1274 3097 Austros,

372 3131 438 3197 Vix
454 3154 523 3198 sese
541 3130 653 3199 radice
673 3147 806 3220 tenens,
826 3148 986 3227 terraeque
1002 3134 1226 3227 propinquat,

371 3237 572 3319 Jamduduni
589 3251 740 3320 aetherias
760 3251 874 3322 eadem
893 3253 1043 3322 reditura
1061 3253 1122 3322 sub
1139 3276 1255 3337 auras;
1273 3332 1276 3341 Ι

372 3371 450 3439 Νοιι
469 3394 562 3438 secus
585 3372 732 3467 ingentes
752 3363 844 3442 artus
862 3372 1034 3467 praecelsus
1053 3370 1209 3468 Agylleus

373 3492 499 3582 Sponte
509 3492 861 3586 premit,parvumque
871 3517 1004 3588 gemeus
1014 3490 1204 3588 duplicatur
1214 3492 1248 3562 in
1257 3491 1380 3560 hostem:

371 3611 488 3703 Etjam
499 3609 625 3679 alterna
633 3637 763 3699 manus,
771 3613 991 3708 frontemque,
999 3612 1380 3707 humerosque,tatusqua

371 3727 550 3822 Collaque,
570 3747 783 3826 pectoraque,
801 3749 834 3802 et
852 3735 992 3803 vitantia
1010 3760 1109 3803 crura
1124 3733 1275 3803 lacessit:

371 3847 608 3944 Interdumque
626 3852 682 3920 diu
704 3854 849 3948 pendent
868 3879 929 3949 per
944 3870 1061 3924 mutue
1077 3853 1152 3923 fulti

369 3968 528 4052 Brachia,
550 3996 638 4040 nunc
656 3975 731 4041 saevi
751 3972 929 4069 digitorum
949 3973 1080 4043 vincula
1098 3959 1281 4070 frangunts

418 4089 495 4158 Non
515 4092 561 4158 sic
582 4091 736 4162 ductores
755 4098 875 4188 gemini
894 4098 1003 4191 gregis
1022 4095 1158 4166 horrida
1180 4097 1263 4164 tauri
