2934 4950
339 479 393 534 ¹72
660 432 879 516 ammos
902 455 1017 514 arnna
1040 455 1063 512 1.
1290 454 1377 520 (oss.)

335 591 514 688 Unguibus
528 592 673 689 arripui,
703 573 856 682 votisque
872 587 1030 655 instincta
1050 582 1197 679 paternis

335 711 353 778 1
373 707 483 777 media
500 708 536 776 in
551 711 686 797 fratres,
705 709 836 803 generis
847 697 1021 779 'consortia
1036 704 1126 774 ferro

338 827 511 899 Dissiliant
526 854 534 898 :
549 829 592 898 da
609 831 760 898 Tartarei
776 817 893 924 regina
911 827 1063 898 barathri
1122 870 1125 874 -

337 950 441 1042 Quod
460 937 594 1047 eupiam
611 950 732 1020 vidisse
750 948 841 1050 nasas
856 974 937 1019 :neo
956 939 1051 1017 tarda
1069 961 1229 1040 sequetur

338 1076 436 1144 Mens
447 1074 629 1168 juvenum,
647 1063 747 1142 modo
764 1071 864 1167 digna
881 1071 974 1160 veni,
988 1094 1061 1139 mea
1075 1061 1217 1163 pignora
1236 1089 1373 1136 nosces.»

387 1193 483 1266 Talia
498 1195 639 1289 jactanti
658 1191 802 1263 crudelis
819 1193 906 1262 Diva
928 1215 1058 1262 severos
1224 1181 1225 1184 '

339 1317 494 1387 Advertit
510 1313 624 1386 vultus
639 1341 648 1384 :
666 1315 872 1384 inamoenum
888 1313 975 1383 forte
990 1313 1128 1384 'sedebat

340 1441 491 1533 Coeyton
509 1438 625 1533 juxta,
641 1435 855 1530 resolutaque
872 1435 995 1504 vertice
1014 1435 1138 1522 crines,

340 1560 505 1629 Lambere
523 1543 687 1628 sulfiireas
704 1558 901 1652 permiserat
918 1556 1084 1650 anguibus
1103 1545 1221 1624 undas.

341 1680 436 1751 llioet
450 1683 528 1777 igne
541 1669 650 1768 Jovis,
669 1668 836 1775 lapsisque
852 1665 985 1751 citatior
1000 1677 1098 1746 astris
1123 1693 1129 1700 '

340 1804 507 1873 Tristibus
525 1801 658 1872 exsiluit
674 1803 766 1897 ripis.
783 1799 933 1870 Discedit
952 1801 1051 1868 inane

342 1921 490 2020 Vulgus,
507 1938 541 1993 et
562 1947 720 1993 occursus
734 1909 878 1992 dominae
897 1935 1005 2016 pavet.
1026 1919 1089 1989 1113
1108 1943 1168 2015 per
1185 1919 1317 1988 umbras

343 2050 387 2117 Et
402 2043 583 2139 caligantes
601 2044 790 2113 animarum
807 2043 959 2112 examine
975 2025 1128 2136 campos,

343 2152 506 2236 Taenariae¹
520 2164 629 2234 limen¹
643 2165 728 2259 petit
747 2161 954 2233 irremeabile
973 2177 1089 2258 portae.

396 2288 506 2357 Sensit
525 2285 639 2356 adesse
657 2286 750 2355 dies:
767 2287 862 2380 piceo
879 2308 946 2354 nox
964 2284 1064 2353 obvia
1079 2285 1194 2353 nimbo

346 2414 511 2481 Lucenses
529 2407 679 2478 turbavit
698 2430 814 2502 equos.
834 2403 956 2477 Procul
976 2405 1101 2475 arduus
1116 2403 1210 2476 Atlas

344 2532 505 2617 Horruit,
523 2544 557 2599 et
573 2529 675 2599 dubia
695 2527 817 2599 coelum
834 2529 961 2599 cervice
976 2528 1113 2598 remisit.
1225 2518 1227 2523 ¹

344 2654 473 2747 Arripit
493 2649 659 2747 extemplo
678 2650 798 2723 Maleae
817 2650 858 2720 de
875 2648 961 2721 valle
977 2673 1153 2747 resurgens

347 2778 477 2847 Notum
496 2775 559 2843 iter
576 2772 619 2842 ad
637 2773 768 2843 Thebas
783 2798 791 2841 ε
810 2797 918 2868 neque
936 2774 1026 2842 enim
1042 2770 1188 2841 velocior
1201 2773 1285 2845 ullas

244 2887 247 2893 ¹
344 2899 444 2991 Itque
461 2895 614 2989 reditque
625 2895 715 2982 vias,
732 2882 940 2991 cognataque
954 2897 1094 2983 Tartara
1110 2891 1247 2963 mavult

347 3020 493 3088 Centum
513 3013 561 3084 illi
577 3029 702 3084 stantes
721 3005 924 3085 umbrabant
942 3040 1001 3085 ora
1020 3030 1174 3102 cerastae,

346 3138 462 3208 Turba
476 3138 589 3207 minor
604 3136 669 3206 diri
689 3137 807 3231 capitis
822 3162 830 3205 τ
846 3138 936 3207 sedet
953 3138 1044 3206 intus
1060 3137 1185 3205 abactis

348 3262 469 3330 Ferrea
486 3244 548 3328 lunv
563 3258 690 3346 oculis;
710 3256 818 3355 qualis
836 3283 897 3354 per
912 3257 1028 3328 nubila
1042 3259 1181 3329 Phoebes

349 3381 486 3452 Atracia
504 3381 603 3451 rubet
622 3396 694 3450 arte
711 3379 828 3451 labor:
845 3380 972 3451 suffusa
989 3407 1118 3452 veneno

349 3502 527 3591 Tenditur,
546 3526 585 3571 ac
603 3502 695 3570 sanie
714 3500 822 3598 gliscit
838 3502 924 3571 cutis
940 3528 947 3570 :
964 3503 1080 3597 igneus
1096 3518 1169 3573 atro

349 3624 419 3692 Ore
434 3646 558 3718 vapor;
578 3647 647 3717 quo
664 3620 767 3719 longa
786 3624 871 3715 sitis,
892 3624 1083 3720 morbique,
1101 3624 1285 3720 famesque,

349 3747 393 3813 Et
408 3739 542 3840 populis
561 3767 651 3814 mors
667 3769 736 3815 una
752 3734 854 3815 venit.
871 3746 972 3841 Riget
989 3745 1126 3816 horrida
1143 3761 1239 3841 tergo

351 3863 458 3952 Palla,
475 3881 509 3934 et
525 3863 660 3935 eoerulei
677 3850 818 3937 redeunt
837 3867 870 3936 in
889 3882 1023 3962 pectora
1038 3867 1129 3936 nodi.
1244 3882 1246 3887 ’
1277 3880 1284 3913 ’·

352 3988 496 4081 Atropos
513 3986 593 4075 hos,
613 4000 713 4081 atque
729 3988 802 4084 ipsa
816 4002 918 4058 novat
937 3990 1138 4085 Proserpina
1154 3988 1274 4059 cultus.
1353 3978 1358 3985 ’

352 4110 437 4177 Tum
456 4110 602 4202 geminas
621 4111 729 4204 quatit
745 4106 801 4179 illa
816 4131 935 4180 manus
950 4134 957 4177 :
972 4110 1042 4181 hoec
1059 4109 1259 4208 igne'rogali
1295 4118 1298 4125 ’
1356 4120 1357 4123 ’
