2934 4950
366 371 420 427 ισο
726 373 756 426 r.
778 371 900 427 runur
921 371 1045 427 sraru
1305 369 1409 441 tran.)

362 499 479 566 Exitus
497 499 633 566 instanti
651 499 811 593 praemisit
826 485 1165 592 membra'sepulcro;

362 618 427 688 Sed
443 633 475 687 te
495 633 612 713 torpor
629 619 732 707 iners,
749 633 781 687 et
797 643 888 687 mors
904 618 1030 686 imitata
1044 617 1191 710 quietem

362 737 546 832 Explicuit,
566 737 716 834 falsoque
734 739 813 808 tulit
828 739 890 807 sub
906 742 1047 808 Tartara
1065 761 1193 807 somno.

410 861 507 949 Quos
526 885 589 956 ego
601 876 682 930 tuuc
700 859 868 956 gemitus?
886 860 1046 930 comitum
1064 882 1182 927 manus
1200 859 1301 929 auxia
1314 857 1404 948 vidit,

361 981 457 1050 Vidit
473 998 506 1052 et
521 982 711 1079 exemplum
729 984 895 1079 genitrix,
914 983 1093 1078 gavisaque
1109 983 1214 1058 vovit¹

364 1102 449 1190 Quae
468 1101 613 1173 lamenta
626 1103 712 1173 tuli:
730 1105 861 1173 veniam
879 1101 1065 1190 concedite,
1084 1104 1221 1181 Manes,

361 1225 425 1292 Fas
441 1223 583 1312 dixisse,
604 1241 717 1320 pater3
737 1248 807 1294 non
826 1239 862 1293 tu
873 1224 962 1293 mhi
977 1222 1074 1318 plura
1087 1223 1246 1292 dedisses.

410 1343 504 1414 Felix
520 1343 576 1415 ille
593 1363 723 1442 patrem
740 1347 854 1416 vacuis
870 1344 1092 1416 circumdedit
1106 1344 1213 1434 ulnis,

361 1463 489 1554 Vellet,
505 1481 540 1536 et
553 1465 670 1562 Elysia'
680 1468 833 1561 quamvis
851 1468 886 1535 iu
902 1465 979 1536 sede
992 1465 1158 1554 locatum,

362 1587 541 1683 Abripere,
555 1604 589 1658 et
604 1593 738 1659 Danaas
756 1589 877 1657 iterum
892 1603 1027 1683 portare
1044 1611 1104 1682 per
1118 1587 1276 1657 umbras:
1294 1662 1298 1666 ,

360 1710 562 1778 Tentantem
576 1723 610 1777 et
623 1711 717 1779 vivos
731 1707 886 1778 molitum
900 1710 936 1778 in
950 1712 1089 1778 Tartara
1101 1731 1231 1803 gressus

361 1829 495 1922 Detulit
511 1829 647 1898 infernae
661 1844 754 1898 vates
769 1828 918 1924 longaeva
934 1830 1060 1899 Dianae.

361 1952 397 2020 Si
417 1949 535 2045 chelyn
551 1948 729 2043 Odrysiam
740 1952 837 2044 pigro
854 1951 1035 2019 transmisit
1050 1953 1186 2022 Averno

360 2073 472 2142 Causa
488 2073 614 2159 min0r;
630 2073 658 2141 si
675 2069 881 2140 Thessalicas
900 2071 1066 2142 Admeton
1084 2073 1119 2141 iu
1138 2099 1228 2163 oras,

362 2195 397 2262 Si
415 2195 539 2288 conjux
557 2209 647 2262 retro
664 2167 864 2289 Phylaceida
882 2193 1011 2263 rettulit
1033 2195 1202 2285 umbram,

361 2319 432 2386 Cur
447 2313 531 2385 nihil
549 2330 680 2404 exoret,
697 2316 845 2410 genitor,
865 2314 975 2409 chelys
990 2329 1050 2384 aut
1068 2320 1280 2408 tua·Manes,

360 2441 431 2508 Aut
445 2436 537 2507 mea?
556 2437 604 2508 sas
624 2436 706 2506 mihi
724 2438 768 2506 sit
787 2437 913 2532 patrios
933 2438 1127 2534 contingere
1149 2437 1278 2531 vultus,

360 2562 422 2648 Fas
435 2561 585 2654 junxisse
604 2586 737 2648 manus,
757 2574 791 2628 et
806 2558 858 2627 lex
875 2572 1082 2655 quaecunque
1096 2577 1264 2655 sequatur.

407 2686 453 2752 At
474 2708 548 2770 vos,
563 2683 758 2751 umbrarum
773 2706 883 2777 reges,
904 2686 1096 2777 Ennaeaque
1111 2688 1215 2771 June,

362 2805 395 2872 Si
418 2802 585 2873 laudanda
601 2830 739 2898 precor,
761 2804 861 2873 taedas
878 2805 1202 2901 aufertecomasque

360 2925 603 3012 Eumenidum,
619 2924 716 2994 nullo
733 2940 830 2995 sonet
842 2951 938 3021 asper
953 2927 1080 3021 janitor
1098 2952 1175 3014 ore3

359 3048 628 3140 Centaurusque,
644 3046 832 3141 Hydraeque
847 3072 978 3143 greges,
993 3046 1195 3143 Scyllaeaque
1211 3066 1363 3152 monstra

358 3170 493 3238 Aversae
507 3166 616 3237 celent
635 3165 753 3257 valles;
772 3168 993 3263 umbramque
1006 3168 1144 3239 senilem

357 3288 481 3357 Invitet
493 3290 596 3384 ripis,
614 3288 762 3359 discussa
777 3287 889 3383 plebe,
903 3292 1066 3386 supremis

357 3410 503 3495 Vector,
514 3424 547 3478 et
563 3408 599 3477 in
615 3408 725 3479 media
745 3425 925 3504 componat
943 3409 1088 3499 molliter
1104 3412 1188 3509 alga.

406 3534 473 3619 Ite,
493 3532 540 3625 pii
556 3532 695 3619 Manes,
715 3531 925 3627 Graiumque
941 3534 1094 3603 examina
1109 3550 1239 3623 vatum,

359 3650 594 3748 lllustremque
609 3653 753 3722 animam
770 3653 914 3723 Lethaeis
930 3657 1075 3751 spargite
1092 3658 1206 3751 sertis,

364 3778 404 3843 Et
417 3789 600 3845 monstrate
618 3798 757 3864 nemus,
777 3799 844 3871 quo
865 3775 958 3846 nulla
977 3777 1099 3873 irrupit
1116 3780 1278 3874 Erinnys,

360 3899 399 3963 ln
412 3922 479 3990 quo
496 3895 578 3967 falsa
592 3896 678 3984 dies,
695 3895 847 3992 coeloque
866 3898 1055 3969 simillimus
1073 3925 1139 3969 aer.

362 4017 444 4088 lude
460 4034 573 4088 tamen
590 4021 701 4088 venias
718 4018 855 4109 melior,
874 4047 940 4115 qua
960 4038 1057 4116 porta
1077 4022 1262 4121 malignum
