2934 4950
368 458 1393 492 mmmmm-mmmmm

575 720 804 832 sturm
840 721 1201 866 oestrus,

816 1069 970 1086 -Q—

371 1274 453 1401 Ur
470 1332 599 1401 subitus
620 1346 709 1401 vates
722 1330 923 1426 pallentibus
941 1331 1058 1400 incidit
1075 1329 1229 1417 Umbris,

365 1453 591 1546 Letiferasque
606 1452 745 1541 domos,
760 1454 920 1547 'orbisque
941 1477 1062 1522 aroana
1082 1451 1203 1547 sepulti

366 1577 487 1668 Rupit,
506 1588 540 1643 et
559 1588 688 1643 anneto
707 1574 856 1644 turbavit
872 1574 989 1644 funere
1006 1576 1144 1642 Manes:

365 1698 497 1763 Horror
514 1693 617 1762 habet
633 1707 791 1782 cunctos;
809 1696 931 1789 Stygiis
947 1695 1113 1763 mirantur
1131 1696 1166 1762 in
1186 1695 1254 1763 oris

358 1784 441 1901 {Tela
457 1830 487 1879 et
503 1834 617 1903 equos,
632 1835 808 1902 corpusque
822 1811 938 1879 novum
954 1840 960 1878 :
976 1835 1078 1902 neque
1090 1816 1173 1878 enim
1185 1812 1391 1897 ignibnsartus

365 1926 546 2015 Conditus,
566 1941 624 1995 aut
641 1940 756 1995 moesta
773 1930 870 2021 niger
887 1926 1091 1996 adventabat
1108 1927 1151 1995 ab
1167 1950 1272 2013 urna3

364 2047 429 2116 Sed
446 2046 524 2116 belli
544 2046 665 2116 sudore
683 2046 812 2133 calens,
829 2048 1049 2143 clypeumque
1070 2048 1215 2115 cruentis

365 2168 524 2256 Roribus,
543 2182 576 2237 et
594 2169 684 2237 scissi
702 2194 872 2263 respersus
891 2167 1027 2263 pulvere
1046 2170 1166 2263 campi

364 2289 516 2359 Necdum
538 2287 631 2358 illum
649 2303 710 2361 aut
729 2306 849 2357 trunca
867 2288 1069 2359 lustraverat
1084 2290 1183 2359 obvia
1202 2304 1280 2360 taxo

365 2410 537 2495 Eumenis,
558 2423 616 2478 aut
635 2408 734 2480 furvo
750 2412 949 2505 Proserpina
966 2424 1061 2505 poste
1079 2421 1214 2480 notarat

365 2529 514 2600 Coetibus
534 2543 718 2634 assumtum
738 2531 860 2600 functis
879 2533 988 2624 :quin
1007 2530 1158 2600 eominus
1176 2534 1249 2622 ipsa

366 2659 522 2725 Fatorum
538 2655 702 2750 deprensa
719 2654 812 2723 colus
827 2679 834 2721 :
852 2654 991 2746 visoque
1004 2639 1160 2746 paventes

367 2779 513 2868 Augure,
528 2788 613 2842 tnnc
633 2773 769 2843 demum
788 2774 988 2868 rumpebant
1002 2771 1146 2840 stamina
1160 2772 1272 2839 Parca

413 2895 513 2964 Illum
530 2909 564 2964 et
584 2896 691 2965 securi
706 2897 971 2989 circumspexere
987 2893 1153 2988 fragorem

366 3015 488 3110 Elysii,
500 3031 534 3084 et
547 3017 573 3084 si
588 3042 672 3110 quos
688 3015 805 3110 procul
822 3015 978 3086 inferiore
990 3015 1151 3085 barathro

321 3169 325 3174 ·
365 3136 478 3208 Altera
496 3163 579 3224 nox,
601 3137 738 3232 aliisque
758 3154 874 3234 gravam
887 3137 986 3235 plaga
999 3163 1085 3208 caeca
1102 3139 1257 3224 tenebris,

365 3263 461 3328 Tune
474 3276 649 3354 regemunt
663 3262 817 3355 pigrique
833 3260 942 3343 lacus,
957 3275 1107 3355 ustaeque
1119 3261 1278 3356 paludes¹

366 3380 630 3475 Umbriseraeque
643 3379 755 3452 fremit
768 3380 913 3453 sulcator
926 3382 1071 3478 pallidus
1087 3383 1204 3473 undae,

363 3497 552 3569 Dissiluisse
570 3525 657 3568 novo
676 3504 811 3593 penitus
829 3500 955 3570 telluris
976 3502 1071 3569 hiatu

347 3622 517 3708 Tartara,
535 3637 568 3688 et
584 3620 744 3688 admissos
763 3646 832 3691 uon
850 3647 911 3714 per
930 3644 990 3689 sua
1010 3620 1149 3688 flumina
1169 3623 1297 3690 Manes.

413 3745 512 3810 Forte
532 3740 648 3809 sedens
667 3741 780 3810 media
796 3744 890 3836 regni
907 3741 1049 3822 infelicis
1067 3742 1102 3810 in
1120 3765 1196 3809 arce

364 3865 444 3932 Dux
458 3863 577 3951 Erebi,
598 3864 742 3959 populos
760 3865 920 3959 poscebat
940 3864 1081 3932 crimina
1099 3863 1191 3949 vitae,

363 3983 420 4057 Nil
436 3986 613 4055 hominum
631 3990 813 4076 miserans,
830 3989 1001 4078 iratusque
1016 3984 1173 4054 omnibns
1188 3987 1321 4051 umbris.

365 4113 461 4178 Stant
477 4111 584 4178 Furiae
605 4109 750 4198 circum,
769 4114 935 4202 variaeque
951 4131 993 4175 ex
1010 4105 1129 4176 ordine
1142 4107 1286 4191 Mortes,
1323 4130 1329 4139 ·
