2934 4950
370 463 407 524 at
684 453 904 510 THEBAIDOS
927 453 1041 508 LIBER
1064 453 1116 508 tv.
1303 453 1400 516 (tiit)

367 582 491 679 Incipit
512 608 551 651 :r
564 584 717 676 Agrestes
736 579 916 649 fluviorum
937 580 1076 649 numina
1098 579 1278 674 Nymphae,

370 709 410 775 Et
425 706 528 774 nostri
550 729 627 798 pars
647 727 770 798 magna
787 703 917 798 grecis,
938 701 1083 797 perferte
1103 701 1273 791 laborem,

365 828 478 916 Quem
496 825 623 895 damus.
644 825 819 921 Argolicos
841 823 992 919 paullum
1010 824 1091 893 mihi
1114 824 1263 894 fontibus
1284 848 1401 931 amnes:

367 952 578 1045 stagnaque,
595 963 629 1016 et
649 963 799 1017 errantes
816 947 973 1016 obducite
993 945 1130 1043 pulvere
1147 948 1249 1016 rivos.

364 1071 557 1166 Praecipuus
575 1071 736 1155 Nemees,
755 1095 821 1164 qua
843 1084 957 1138 nostra
978 1071 1013 1138 in
1032 1071 1155 1139 moenia
1177 1067 1274 1138 bellis

365 1192 466 1262 Nunc
485 1193 564 1279 iter,
579 1215 620 1260 ex
639 1189 709 1260 aito
723 1190 832 1287 fugiat
853 1189 963 1285 liquor
983 1217 991 1259 :
1010 1191 1149 1285 adjuvat
1166 1191 1239 1285 ipse

364 1315 510 1384 Phoebus
529 1309 653 1384 adhoc
670 1337 819 1401 summo,
835 1327 939 1382 cesset
958 1313 995 1381 ni
1014 1327 1125 1381 vestra
1144 1310 1316 1400 voluntas,

364 1437 515 1507 Limite:
535 1437 604 1505 vim
625 1437 742 1530 coeptis
763 1431 938 1531 indulgent
957 1448 1062 1523 astra,
1079 1457 1226 1527 mcaeque

366 1557 501 1628 AEstiier
518 1558 679 1653 Erigones
697 1570 833 1652 spumat
852 1558 943 1626 canis
966 1583 974 1625 ε
996 1539 1042 1626 ite
1062 1553 1230 1643 volentes,

364 1682 415 1751 Ite
432 1680 469 1750 in
485 1693 603 1776 operta
621 1676 683 1748 soii
703 1703 712 1747 ε
734 1691 812 1774 post
831 1703 890 1748 vos
909 1703 971 1775 ego
993 1679 1127 1782 gurgite
1147 1676 1248 1772 pleno

365 1800 521 1890 Eliciam,
541 1815 575 1870 et
592 1825 666 1896 quae
683 1800 773 1879 dona
790 1802 873 1870 meis
891 1797 1096 1893 amplissima
1114 1801 1216 1869 sacris
1329 1833 1336 1846 =

364 1923 485 1994 Vester
500 1924 637 1994 habebit
654 1924 763 1993 honos
785 1950 793 1992 :
814 1938 1048 2017 nocturnaque
1066 1922 1157 1992 furta
1172 1921 1330 1992 licentum
1389 1907 1394 1916 ¹

366 2043 615 2142 Cornipedum,
635 2060 669 2115 et
688 2043 828 2141 cupidas
843 2049 1037 2115 Faunorum
1056 2045 1176 2115 arcebo
1195 2047 1360 2141 rapinas.»

349 2169 353 2176 ’
412 2168 553 2237 Dixerat
574 2194 583 2236 z
604 2181 656 2237 ast
674 2165 740 2236 ittis
757 2167 892 2236 tenuior
908 2149 1107 2262 percurrere
1122 2169 1215 2236 visus

366 2291 437 2358 Ora
456 2289 557 2376 situs,
578 2288 762 2384 viridisque
781 2289 885 2359 comis
905 2289 1037 2359 exaruit
1057 2290 1192 2360 humor.

365 2410 525 2481 Protinus
542 2411 699 2484 Inachios
716 2411 831 2484 haurit
848 2411 920 2483 sitis
939 2412 1037 2511 ignea
1058 2435 1204 2510 campos.

365 2530 541 2631 Diffugere
559 2535 659 2605 undae
677 2562 686 2605 ε
706 2534 862 2630 squalent
879 2534 1075 2629 fontesque,
1096 2534 1269 2630 lacusque,

366 2658 409 2728 Et
429 2682 511 2727 cava
528 2657 670 2728 ferventi
687 2658 872 2727 durescunt
890 2658 1030 2726 flumina
1047 2658 1138 2727 iimo.

365 2780 466 2875 AEgra
487 2776 561 2849 solo
580 2782 722 2868 macies,
742 2780 915 2873 tenerique
932 2781 966 2847 in
987 2781 1117 2876 origine
1137 2778 1239 2849 culmi

364 2898 529 2971 Inclinato
546 2926 638 2997 seges
659 2927 667 2971 :
690 2901 867 2996 deceptum
890 2904 1041 2997 margine
1060 2904 1141 2997 ripae

365 3024 439 3091 Stat
458 3046 582 3117 pecus,
602 3038 704 3117 atque
721 3048 835 3092 amnes
855 3038 1011 3119 quaerunt
1030 3039 1182 3093 armenta
1204 3039 1340 3095 notatos.

413 3145 469 3213 Sic
489 3145 546 3213 ubi
569 3169 604 3213 se
624 3146 754 3240 magnis
773 3144 899 3215 refluus
919 3148 1104 3240 suppressit
1124 3148 1159 3215 iu
1178 3148 1283 3216 antris

364 3262 480 3353 Nilus,
496 3279 530 3334 et
550 3268 631 3336 ane
649 3265 813 3360 liquentia
832 3266 955 3362 pabula
973 3267 1100 3337 brumas

365 3390 435 3457 Ore
451 3389 591 3481 premit,
610 3388 740 3457 firmant
759 3389 897 3458 desertae
913 3390 1045 3485 gurgite
1063 3387 1182 3475 valies,

364 3512 407 3578 Et
424 3508 529 3604 patris
546 3509 668 3579 undosi
685 3512 816 3580 sonitus
831 3525 1000 3605 exspectat
1019 3510 1132 3581 hiulca

364 3632 540 3725 AEgyptos,
557 3630 666 3700 donec
686 3632 817 3701 Phariis
837 3630 995 3703 alimenta
1015 3616 1152 3730 rogatus

363 3755 477 3822 Donet
497 3754 601 3847 agris,
619 3778 845 3849 magnumque
862 3736 1001 3825 inducat
1019 3757 1182 3826 messibus
1200 3784 1332 3829 annum.

412 3878 495 3945 Aret
514 3878 626 3945 lerna
644 3900 787 3965 nocens,
808 3892 879 3945 aret
897 3879 1057 3971 Lyrcius,
1078 3893 1112 3948 et
1129 3880 1247 3975 ingens

364 3996 527 4085 Inachus,
546 3994 794 4092 adverrensque
812 4000 963 4068 natantia
981 4024 1059 4069 saxa
1078 4001 1288 4089 Charadrus,

365 4122 408 4187 Et
424 4143 599 4213 nunquam
618 4119 653 4187 iu
671 4120 752 4214 ripis
770 4120 878 4189 audax
897 4124 1071 4211 Erasinus,
1092 4138 1125 4193 et
1144 4150 1259 4219 aequus
