2934 4950
29 520 30 533 Ν
151 444 243 505 (ιε’.)
459 447 676 506 nausimus
698 445 809 502 tinen
831 445 883 500 ιιι.

195 571 294 643 lllum
314 587 479 668 congestae
500 588 674 669 portarum
695 573 739 642 ad
755 572 872 642 limina
890 587 1012 644 matres

125 777 128 780 ⁴
149 697 196 763 Ut
212 692 321 764 solum
335 691 464 780 videre,
484 691 589 764 nefas!
611 693 704 764 nulla
719 695 860 790 agmina
873 695 1019 780 circum,
1104 739 1105 742 =

148 817 449 914 Magnanimosque
460 814 588 903 duces,
606 815 796 888 nihil-ausa
813 811 980 912 querere,
999 815 1123 888 tollunt

148 934 357 1023 Clamorem,
378 935 467 1008 bello
484 936 593 1032 qualis
611 963 789 1032 supremus
807 941 932 1034 apertis

147 1057 314 1145 Urbibus,
336 1072 395 1127 aut
410 1057 531 1154 pelago
543 1060 614 1154 jam
632 1059 853 1130 descendente
866 1058 994 1134 ¹casina.

194 1183 242 1250 Ut
262 1181 410 1274 primum
428 1160 669 1276 iuvisi'cupido
688 1181 766 1252 data
786 1183 883 1277 copie
904 1184 1009 1279 regis:

147 1305 267 1371 «Hanc
288 1303 349 1370 tibi
369 1299 411 1372 de
430 1315 525 1385 tanto
545 1302 649 1373 donat
668 1302 757 1374 ferus
774 1305 906 1397 agmine
923 1303 1054 1398 Tydeus

147 1421 319 1493 Infelicem
336 1424 504 1523 animam,
522 1425 590 1493 sive
609 1408 680 1494 haec
700 1411 867 1498 sententia
883 1397 1027 1512 Divuin,
1059 1439 1061 1446 '

147 1548 212 1615 Seu
230 1545 367 1614 fortuna
381 1545 447 1616 fuit
463 1571 471 1614 :
488 1569 567 1635 scu,
588 1545 680 1641 quod
700 1547 805 1643 pudet
825 1548 873 1616 ine
891 1547 1007 1635 deteri,

147 1669 207 1736 Vis
226 1669 352 1736 invicta
368 1669 433 1736 viri
447 1693 456 1736 :
472 1657 530 1736 vix
545 1661 646 1737 credo
663 1683 697 1737 et
713 1671 873 1756 nuntius,
893 1692 1025 1756 omnes,

146 1788 365 1859 Procubuere
377 1813 519 1858 omnes:
540 1777 649 1859 noctis
668 1791 898 1886 vagalumina
916 1803 1030 1878 testor,

147 1916 197 1992 Et,
206 1913 338 1981 socium
355 1935 486 2000 manes,
507 1926 542 1980 et
557 1911 593 1980 'te
608 1910 695 1981 mala
714 1917 869 2006 protinus
889 1911 956 1982 ales

147 2034 224 2123 Qua
240 2033 360 2121 redeo,
379 2007 451 2102 non
466 2011 729 2128 hanelacrymis
746 2017 922 2124 meruisse,
945 2058 1006 2104 nec
1021 2029 1096 2102 astu

145 2151 326 2224 Crudelem
344 2155 492 2243 veniam,
508 2170 611 2250 atque
628 2155 803 2226 inhonorae
820 2141 960 2227 munera
977 2153 1071 2224 lucis.
1146 2189 1147 2194 ¹

145 2274 210 2346 Sed
227 2275 312 2346 mihi
328 2276 418 2370 jussa
439 2279 567 2365 Deum,
585 2275 777 2372 placitoque
795 2278 912 2373 ignara
930 2277 1067 2346 moveri

145 2403 310 2493 Atropos,
327 2411 429 2493 atque
445 2397 526 2467 olim
548 2423 617 2467 non
634 2399 706 2468 haec
727 2399 805 2468 data
821 2401 925 2495 janua
942 2395 1001 2466 leti

146 2521 308 2617 Eiipuere
325 2544 441 2591 necem
460 2546 468 2588 τ
483 2521 620 2615 jamque
636 2536 675 2589 ut
692 2522 774 2590 mihi
792 2520 934 2616 prodiga
949 2520 1036 2588 vita?
1086 2588 1091 2597 ,

145 2644 305 2731 Pectora,
324 2656 357 2711 et
377 2655 560 2710 extremam
579 2639 663 2710 nihil
683 2642 909 2739 horrescentia
928 2655 1071 2712 mortem

144 2763 335 2861 Adspicias3
353 2761 479 2832 bellum
501 2757 678 2833 infandum
696 2763 1101 2871 ominibusquenegatam

142 2887 300 2972 Movisti,
317 2885 607 2974 funeste,aciem,
629 2884 711 2954 dum
732 2866 857 2981 pelleie
877 2882 983 2979 leges,

143 3010 184 3077 Et
203 3008 459 3103 consanguineo
480 3004 590 3101 gliscis
611 3030 753 3103 regnare
774 2984 940 3100 superbus

143 3126 268 3199 Ex'sule
287 3154 296 3196 :
314 3143 350 3199 tc
366 3129 467 3198 series
485 3127 645 3197 orbarum
663 3128 772 3197 excise
791 3125 972 3196 domorum

142 3248 339 3321 Planctibus
360 3243 520 3338 assiduis,
538 3264 571 3318 te
590 3249 665 3318 diro
684 3251 826 3319 horrore
844 3246 993 3318 volantes

141 3373 401 3468 Quinquaginta
416 3373 536 3441 animae
551 3373 678 3441 circum
693 3349 876 3465 noctesque
896 3369 1034 3463 diesque

141 3493 303 3565 Assilient
319 3520 327 3562 ε
345 3519 455 3589 neque
471 3494 561 3564 enim
578 3494 650 3587 ipse
665 3518 818 3563 moror.»
833 3495 907 3561 Jam
923 3504 1073 3561 moverat
1088 3490 1156 3558 icas

143 3622 215 3687 Rex
230 3616 340 3704 ferus,
362 3632 395 3685 et
410 3617 530 3709 tristes,
545 3610 722 3711 ignescunt
739 3615 902 3710 sanguine
919 3611 1043 3683 vultus.

143 3739 226 3809 Inde
245 3738 338 3811 uluo
359 3736 539 3835 Phlegyas,
557 3752 606 3826 et,
623 3760 692 3806 non
711 3750 890 3806 cunctator
908 3718 1035 3828 iniqui,

144 3861 321 3931 Labdacus
341 3860 426 3958 (hos
444 3862 541 3955 regni
561 3860 688 3930 ferrum
709 3856 828 3953 penes)
850 3858 914 3941 ire,
932 3880 1104 3949 manuque

145 3982 349 4051 Proturbare
367 3996 487 4078 parant
504 4005 511 4048 ε
529 3980 588 4051 sed
605 3983 676 4076 jam
693 3978 878 4049 nudaverat
898 4002 1012 4057 ensem

147 4105 384 4202 Magnanimus
404 4118 495 4174 vates
501 4130 512 4195 3
534 4119 567 4172 et
586 4128 679 4173 nunc
696 4103 803 4200 trucis
821 4125 882 4171 ona
900 4102 1050 4196 tyranni,
