2934 4950
163 53 182 107 .’
274 70 390 108 we:

194 140 198 149 ι
245 145 249 153 ,
272 140 277 151 Ι
304 139 359 176 “¹''
401 143 429 165 μ’
459 155 464 164 Ι

198 176 211 190 υ
242 176 249 190 s
304 181 323 190 -.
354 173 459 196 inst(
496 184 501 204 ι

42 248 43 277 i
296 218 339 256 ‘⁴'-

42 298 43 301 ,
201 279 302 326 «ΓΗ,
330 283 429 324 ,μιμκ
468 277 480 298 Ι,

41 342 42 365 t
218 341 235 360 κ
407 358 412 366 ,
440 327 448 339 ‘

247 363 286 385 ¹-
371 368 398 383 st

63 438 132 498 (ut)
346 439 542 494 sttvtluttt
563 437 674 492 LIBER
696 437 744 490 tv.

40 563 41 607 3
126 563 184 632 Sed
202 578 291 632 terre
311 565 430 658 primis
451 580 528 659 post
546 566 689 659 patriam
709 561 792 630 mihi

125 681 246 753 Dilecta
265 687 358 754 euris
378 711 386 753 :
407 685 463 754 bic
483 709 557 753 mea
575 682 723 754 earmina

142 807 269 901 Regina
285 805 451 875 bellorum
466 809 582 901 virago

166 928 321 996 Caesareo
340 926 510 996 decoravit
530 953 613 997 auro
632 953 639 995 :

121 1086 234 1174 Quum
253 1098 293 1154 tu
312 1083 435 1156 sodalis
453 1081 550 1154 dulce
570 1083 757 1179 pericnlum

122 1205 285 1274 Connisus
304 1207 397 1273 omni
416 1221 551 1299 pectore
569 1203 722 1292 tolleres3

143 1327 192 1394 Ut
209 1327 333 1396 Castor
351 1325 393 1396 ad
413 1340 554 1397 eunotos
575 1325 740 1395 tremebat

167 1448 334 1542 Bebryciae
353 1451 512 1543 strepitus
530 1473 647 1518 arenae.

125 1611 208 1677 Tene
228 1608 265 1676 in
286 1610 423 1678 remotis
442 1609 595 1704 Syrtibus
614 1609 689 1677 avia

43 1761 47 1766 ’
125 1731 231 1823 Leptis
252 1729 402 1798 creavit?
414 1730 483 1824 jam
504 1729 588 1799 feret
603 1727 734 1800 Indieos

142 1851 286 1937 Messes,
306 1848 520 1944 odoratisque
537 1875 614 1919 rara

168 1972 334 2041 Cinnema
350 1971 519 2065 proripiet
536 1971 667 2040 Sabaeis.

124 2128 202 2216 Quis
220 2152 291 2196 non
311 2129 346 2197 in
365 2131 457 2197 omni
473 2130 598 2198 vertice
617 2125 752 2197 Romuli

123 2251 277 2343 Reptasse
297 2247 428 2320 dulcem
450 2249 651 2344 Septimium
668 2248 787 2344 putet?

145 2370 228 2460 Quis
247 2369 340 2438 fonte
359 2372 529 2456 tuturus,
546 2368 668 2440 relictis

163 2492 354 2581 Uberibus,
374 2508 473 2587 neget
493 2516 565 2561 esse
583 2491 741 2587 pastum?

125 2654 195 2719 Hoc
214 2652 301 2720 mira
321 2653 427 2721 virtus
447 2679 455 2719 ε
477 2664 638 2746 protenus
657 2652 833 2721 Ausonum

124 2773 257 2858 Portus,
278 2769 399 2840 dolosae
417 2775 549 2842 nescius
568 2771 706 2855 Africae,

143 2895 270 2978 Intres,
291 2890 534 2987 adoptatusque
553 2892 669 2963 Tuscis

167 3012 367 3108 Gurgitibus
383 3038 467 3109 puer
485 3015 653 3083 innatasti.

124 3172 180 3239 Hie
197 3196 342 3265 parvus,
364 3172 451 3241 inter
467 3173 608 3267 pignora
627 3173 759 3259 Curiae,

127 3293 309 3363 Contentus
325 3308 417 3364 areto
435 3292 559 3362 lumine
577 3318 751 3389 purpurae,

143 3415 289 3500 Crescis3
305 3413 363 3483 sed
379 3415 560 3484 immensos
578 3414 706 3484 labores

162 3533 280 3604 indole
298 3537 437 3629 patricia
457 3551 599 3605 secutus.

122 3693 197 3763 Non
215 3718 326 3761 sermo
345 3695 488 3782 Poenus,
506 3719 575 3764 nou
595 3694 729 3764 habitus
751 3693 829 3777 tibi,

125 3814 264 3883 Externa
284 3838 355 3884 non
372 3840 466 3885 mens
485 3841 493 3883 :
509 3815 633 3905 Italus,
654 3816 768 3885 Italus.

145 3935 226 4005 Sunt
239 3936 334 4007 Urbe
349 3940 575 4032 Romanisque
595 3940 714 4008 turmis

168 4060 235 4148 Qui
248 4060 391 4153 Libyam
406 4058 563 4130 decorant
578 4059 716 4129 alumni.
