2934 4950
26 673 28 720 l

101 525 174 579 (ets.)
426 512 618 570 SlLVAllUM
639 512 750 568 LIBER
770 513 807 566 11.
1101 512 1138 587 59

142 643 231 711 Nem
249 636 360 732 pudor
381 638 534 731 ingenuae
549 637 684 726 mentis,
703 635 949 731 tranquillaque
966 632 1097 706 morum

99 759 298 854 Temperies,
318 771 501 851 teneroque
520 759 650 833 animus
665 759 828 826 maturior
845 781 930 843 aevo,

100 881 252 948 Carmina
269 903 343 972 quae
363 877 503 946 donasse
523 877 670 971 queant?
687 881 779 972 Saepe
800 876 856 946 ille
876 875 1043 947 volentem

99 999 284 1094 Castigabat
301 998 436 1085 herum,
457 996 633 1091 studioque
651 997 791 1092 altisque
810 999 949 1093 juvabat

99 1117 270 1204 Consiliis;
291 1132 403 1186 tecum
421 1119 604 1212 tristisque,
618 1116 812 1213 hilarisque,
832 1144 895 1187 nec
912 1144 1061 1213 unquam

98 1239 154 1310 llle
171 1265 267 1326 suns,
287 1237 486 1333 vultumque
506 1253 564 1308 tuo
583 1241 733 1309 sumebat
751 1240 793 1308 ab
812 1264 870 1308 ore
892 1264 900 1308 :

100 1361 225 1454 Dignus
245 1373 279 1428 et
298 1361 491 1429 AEmonium
508 1358 654 1455 Pyladen
672 1360 858 1455 praecedere
879 1361 988 1446 fama,

99 1481 359 1574 Cecropiamque
377 1479 488 1560 fidem,
507 1479 572 1556 Sed
591 1478 729 1550 laudum
750 1482 912 1551 terminus
928 1495 1014 1570 esto,

100 1599 205 1686 Quem
223 1600 361 1669 fortuna
381 1587 461 1668 sinit
479 1627 486 1668 :
501 1625 568 1669 non
584 1616 696 1670 mente
715 1600 846 1670 fidelior
864 1626 953 1696 aegra
1077 1665 1085 1680 ,

100 1705 246 1814 speravit
264 1719 353 1788 tardi
373 1719 500 1790 reditus
517 1725 671 1791 Eumaeus
689 1719 791 1792 Ulixi.

143 1843 227 1932 Quis
242 1844 352 1928 Deus,
370 1857 428 1911 aut
450 1843 602 1936 quisnam
621 1855 689 1911 tam
707 1844 816 1912 tristia
833 1841 973 1913 vulnera
991 1867 1084 1912 casus

100 1959 218 2056 Eligit?
238 1961 330 2030 unde
350 1987 468 2032 manus
487 1964 576 2034 Fatis
594 1979 662 2033 tam
683 1977 773 2032 certa
790 1964 955 2034 nocendi?

101 2083 245 2176 Oquam
264 2081 390 2152 divitiis
409 2108 575 2178 censuque
595 2098 712 2153 erutus
731 2085 846 2179 opimo

101 2204 236 2298 Fortior,
255 2205 364 2290 Urse,
385 2201 491 2274 fores!
507 2209 541 2277 Si
555 2203 608 2273 vel
626 2205 775 2273 fumante
794 2208 894 2274 ruina

101 2327 293 2394 Ructassent
312 2325 397 2394 dites
416 2327 585 2396 Vesuvina
605 2326 760 2395 incendia
780 2331 928 2415 Locros,

101 2444 159 2513 Seu
176 2442 384 2515 Pollentinos
403 2446 592 2524 mersissent
608 2446 749 2516 flumina
768 2447 871 2518 saltus
891 2475 899 2516 :

102 2566 158 2634 Seu
176 2569 334 2636 Lucanus
354 2590 445 2662 ager,
466 2592 523 2636 seu
541 2567 695 2663 Tybridis
714 2570 859 2662 impetus
895 2568 977 2638 altas

102 2688 137 2753 ln
155 2686 307 2757 dextram
323 2689 469 2758 torsisset
487 2714 611 2783 aquas,
632 2705 784 2784 paterere
804 2714 921 2758 serena

102 2807 217 2878 Fronte
236 2813 327 2879 Deos
346 2836 354 2878 τ
373 2810 442 2879 sive
459 2808 547 2879 alma
566 2809 681 2899 fidem,
701 2835 888 2904 messesque
908 2824 1057 2904 negasset

103 2928 282 3023 Cretaque,
302 2934 513 3023 Cyreneque,
533 2944 566 2999 et
587 2955 654 3024 qua
672 2914 733 3000 tibi
753 2956 896 3024 cumque
916 2931 1013 3000 beato

103 3050 202 3146 Larga
222 3050 310 3119 redit
329 3054 478 3121 Fortuna
496 3052 570 3121 sinu
593 3078 600 3121 :
622 3051 679 3121 sed
701 3077 806 3148 gnara
825 3051 979 3122 dolorum
1099 3036 1104 3042 ⁴

104 3172 226 3240 Invidia
245 3171 362 3243 infelix
378 3174 481 3243 animi
497 3172 611 3243 vitalia
629 3173 729 3263 vidit,

103 3291 319 3387 ledendique
337 3294 418 3363 vias.
437 3296 523 3365 Vite
540 3294 641 3365 modo
657 3294 774 3365 limine
791 3295 912 3365 adultae
963 3356 968 3367 .

103 3412 236 3483 Nectere
253 3412 410 3485 tendebat
421 3416 584 3510 juvenum
600 3414 847 3512 pulcherrimus
862 3414 918 3484 ille

104 3534 182 3603 Cum
200 3535 305 3605 trihus
323 3532 412 3605 Eleis
429 3561 531 3605 unam
551 3536 720 3606 trieterida
738 3536 860 3607 lustris.

105 3655 249 3724 Attendit
266 3669 364 3725 torvo
383 3657 485 3727 tristis
501 3658 708 3728 Rhamnusia
725 3657 823 3727 vultu
843 3684 851 3726 :

105 3776 148 3842 lle
165 3777 310 3869 primum
331 3775 548 3873 implevitque
565 3793 669 3867 toros,
687 3776 858 3872 oculisque
877 3778 1021 3847 nitorem

106 3892 250 3985 Addidit,
267 3911 301 3966 et
317 3895 416 3967 solito
436 3898 609 3970 sublimius
627 3926 686 3971 ora
705 3899 829 3971 levavit

107 4010 202 4106 (Heul
218 4020 341 4087 misero
354 4016 453 4087 letale
469 4019 613 4116 favens),
634 4046 768 4115 seseque
789 4019 933 4088 videndo

106 4136 217 4230 Torsit,
235 4152 269 4209 et
290 4139 433 4209 invitam
453 4142 598 4211 Mortem
614 4139 802 4235 complexa,
817 4140 943 4235 jacenti
