2934 4950
310 325 350 380 IN
372 328 401 381 P.
423 328 452 382 P.
473 326 599 382 STATII
621 277 729 384 THlIB.
752 327 822 383 LIB.
845 328 926 383 VIII.
1086 329 1139 383 321

134 445 211 516 Quoe
225 441 279 497 tibi
288 437 328 519 (v.
342 437 419 518 162).
438 441 633 498 «Admirative
642 467 670 512 ,»
685 442 780 516 inquit
794 444 872 498 Laet.
885 463 892 499 :
905 453 1080 522 παρῆκοντος,
1089 463 1144 500 vo-

82 537 166 606 luit,
188 549 231 596 τοῡ
255 535 313 590 tibi.
344 536 475 591 Ceterum
494 537 571 590 MB:
595 537 694 592 «Tunc
713 537 754 591 ibi
773 556 837 610 quae
860 536 982 608 facies,»
1001 535 1144 611 probante

82 629 190 685 Barth.

132 725 173 779 Et
185 721 316 796 ffantes
331 721 369 798 (v.
388 720 463 799 168).
478 721 684 795 «Exspirantes
700 720 824 779 animam
837 725 935 798 plagas
943 722 1064 782 insuere.
1083 728 1145 783 Me·

83 817 246 890 taphoram
260 835 277 873 a
291 814 409 872 medicis
428 815 515 871 traxit
524 833 537 885 ‚·
547 815 599 890 qui
613 817 705 872 solent
724 817 818 873 letalia
833 817 952 872 vnlnere
967 819 1072 876 suturis
1088 838 1145 877 nn·

83 923 238 968 nectere.»
255 914 343 968 Lien.

133 1007 175 1060 Et
185 1023 245 1080 per
256 1006 379 1060 tentoria
397 1022 489 1058 sermo
503 1001 544 1080 (v.
568 1003 642 1080 172).
659 1003 776 1078 Optime
790 1006 846 1060 ΜΒ
860 1024 868 1059 z
884 1027 897 1054 a
907 1006 930 1059 it
943 1022 1005 1079 per.
1021 1027 1035 1056 »

131 1115 194 1168 Aue
209 1113 323 1168 cusu...
342 1111 371 1165 iu
387 1111 461 1166 extis
471 1107 511 1187 (v.
532 1108 607 1186 178).
623 1113 732 1166 Iterum
745 1130 813 1167 vere
828 1111 905 1168 idem
918 1130 925 1167 ε
937 1135 950 1162 α
961 1113 1116 1168 autcaecis.
1129 1136 1142 1162 ι

132 1219 323 1294 Proeeciems5
337 1228 364 1273 et
379 1228 488 1292 quauta
503 1215 540 1290 (v.
558 1215 633 1294 183).
650 1217 744 1274 Codd.
759 1219 854 1275 Barth.
871 1216 987 1291 upum
1001 1228 1142 1292 quantun

135 1326 213 1380 Tunc
229 1326 314 1380 etium
325 1322 362 1400 (v.
381 1321 457 1401 187).
472 1315 667 1380 Scribendum'
679 1343 714 1380 ex
728 1326 794 1383 eod.
809 1328 865 1382 ΜΒ
881 1346 888 1381 :
903 1348 918 1376 α
929 1326 1012 1380 Nunc
1024 1325 1142 1382 etiem.»

131 1422 258 1492 Altaque
280 1437 425 1492 erumpere
448 1431 524 1474 terra
548 1415 586 1494 (v.
608 1416 684 1496 190).
698 1421 754 1476 ΜΒ
772 1431 801 1477 et
819 1419 867 1476 alii
887 1439 948 1476 non
973 1419 1060 1492 pauci
1077 1438 1141 1476 cnm

83 1516 171 1568 Lact.
191 1513 250 1570 MS.
266 1513 370 1568 Pario:
386 1515 521 1587 aliaque;
536 1513 591 1567 ΜΒ
606 1511 723 1586 insuper
736 1514 900 1584 evadere,e
918 1514 954 1588 gl.

130 1623 203 1674 AEra
217 1631 323 1675 sonant
345 1615 384 1696 (v.
401 1616 479 1694 nni).
495 1617 606 1674 Wakef.
619 1620 663 1673 ad
673 1621 803 1686 lucret,
821 1640 864 1690 u,
883 1618 956 1692 618,
972 1632 1086 1690 tonant,
1102 1622 1143 1677 ob

83 1713 249 1788 repetitum
267 1713 368 1768 vocab.
388 1731 487 1767 sonum
503 1712 534 1766 in
553 1729 612 1784 seq.
627 1730 655 1766 v.

135 1809 172 1861 In
183 1815 303 1880 pectore
315 1817 425 1860 certant
444 1802 484 1884 (v.
505 1801 583 1880 2¹26).
604 1804 651 1860 sic
666 1804 751 1860 codd.
769 1806 928 1876 Gronovii,
949 1826 1036 1882 quem
1058 1829 1085 1864 v.
1104 1807 1144 1864 ad

83 1903 116 1957 h.
138 1902 159 1955 l.
178 1901 254 1955 Ante
268 1917 333 1956 eum
351 1898 501 1974 legebatur
519 1919 531 1947 α
546 1897 747 1973 intempore.»

131 1993 288 2076 Nullisque·
301 1994 381 2048 deest
399 2011 452 2047 sua
460 1991 572 2063 sabula
587 1992 692 2046 mensis
714 1987 754 2068 (v.
770 1990 849 2070 236).
875 1993 923 2052 Sic
935 1993 1022 2068 pauci
1040 1993 1143 2064 codd,

83 2105 187 2162 neque
202 2087 321 2160 optimi3
339 2086 389 2144 sed
403 2095 474 2141 teste
489 2088 617 2141 Gronov.
640 2084 679 2141 ad
692 2104 732 2155 ιι,
749 2085 803 2144 55ι
821 2107 828 2142 :
851 2087 1010 2143 «Meliores
1026 2086 1143 2162 plurimi

86 2182 189 2237 Nullis
197 2181 293 2245 deest,
309 2202 324 2230 n
338 2197 397 2254 qua
410 2197 543 2234 mensura
558 2177 665 2234 Statius
683 2181 773 2234 utitur
785 2178 864 2236 alibi.
874 2175 946 2236 Sine
959 2180 1051 2237 dnbio
1065 2198 1142 2236 rere.

86 2278 126 2330 In
147 2273 209 2330 aliis
227 2273 313 2330 codd.
321 2271 389 2343 jam
413 2271 558 2342 additum,
572 2271 604 2326 in
626 2271 676 2342 nl.,
690 2275 773 2346 quin,
795 2276 868 2328 male
891 2273 1057 2330 sedularum
1078 2291 1143 2330 mn·

85 2387 183 2424 nuum
201 2367 306 2423 indicia
322 2364 488 2434 manifesta,
504 2375 660 2440 utcumque
673 2365 784 2438 judicet
797 2367 947 2424 Weberns.

132 2478 202 2530 Fors
213 2493 356 2549 prospera
370 2472 440 2528 belli
453 2471 491 2547 (v.
508 2468 587 2549 250).
603 2472 699 2529 Minus
716 2472 790 2528 bene
804 2472 916 2547 aliquot
929 2471 1015 2529 codd.
1036 2490 1060 2529 c.
1075 2470 1141 2529 edd.

86 2578 160 2623 vett.
176 2588 184 2623 ι
202 2587 270 2623 sors.

135 2662 251 2716 Tenui...
265 2663 348 2716 corde
366 2658 404 2735 (v.
422 2658 499 2735 261).
517 2684 531 2710 ιι
542 2659 646 2716 Subtili
661 2660 748 2716 animi
766 2660 961 2717 intentione.»
975 2662 1077 2715 Gnoss.

135 2769 250 2827 Sumere
275 2780 339 2823 tunc
360 2787 446 2823 arcus
466 2764 505 2845 (v.
532 2765 609 2843 ²9¹)·
629 2767 744 2842 Insigne
761 2785 863 2842 regum
880 2765 1092 2835 Parthinorum
1112 2784 1141 2820 v.

89 2867 258 2933 annrnr„
277 2881 306 2935 p.
323 2860 389 2937 369.

135 2956 313 3031 Mutatisque
335 2956 411 3011 uices
432 2952 471 3031 (v.
488 2952 567 3032 307).
587 2955 632 3010 Sc.
657 2953 871 3024 alimentorum,
888 2953 1041 3031 glandibus
1061 2956 1142 3013 cibos

89 3048 221 3106 mitiores
242 3046 451 3105 substituendo.
475 3046 521 3103 Sic
543 3048 672 3102 Gronov.
692 3063 708 3100 e
731 3045 788 3101 suis
807 3046 893 3103 codd.
912 3045 1044 3102 restituit.
1067 3051 1141 3104 Ante

90 3163 158 3201 eum
177 3162 183 3197 :
201 3146 285 3199 viros.
305 3144 359 3198 ΜΒ
378 3163 383 3195 ;
400 3142 482 3196 cibos.

136 3237 201 3307 Qua
222 3236 337 3290 licetine
354 3236 405 3290 via
419 3234 455 3310 (v.
474 3231 553 3311 3n7).
571 3231 670 3289 Scribe
684 3251 719 3289 ex
734 3234 789 3289 ΜΒ
805 3253 811 3285 :
830 3258 843 3283 e
855 3252 913 3309 qua
928 3234 1016 3288 decet.
1030 3258 1042 3281 ν

135 3341 233 3396 Celsus
249 3342 432 3397 Homoloidas
445 3360 471 3396 o.
486 3342 607 3395 Haemon
621 3336 658 3415 (v.
677 3335 755 3415 354).
775 3338 863 3397 Recte
877 3337 1009 3394 Barthiun
1022 3358 1030 3394 ε
1045 3318 1140 3396 «Orn-

88 3438 162 3491 nino
178 3434 361 3491 scribendum
376 3454 440 3491 enm
457 3433 572 3507 optimis
586 3432 666 3488 libris
686 3452 692 3487 :
708 3456 723 3483 e
736 3433 832 3488 Celsus
846 3433 882 3489 11.
893 3456 908 3485 n
922 3434 988 3506 Seq.
1007 3452 1092 3489 versu
1105 3434 1141 3489 ii-

89 3529 159 3585 dem
181 3528 286 3602 nliique
309 3527 376 3583 libri
398 3530 507 3583 «celsoe
530 3526 630 3583 fudere
651 3528 780 3601 Dryanta
802 3527 956 3582 Electrae.»
978 3528 1141 3601 Utrumque

89 3621 210 3697 optime.
227 3646 239 3669 n

132 3718 301 3791 Septemque
320 3714 488 3791 petentebus
510 3716 584 3768 amis
609 3713 648 3791 (v.
677 3712 755 3789 360).
779 3713 912 3770 Alienum
935 3713 972 3769 ab
996 3712 1025 3767 h.
1043 3714 1063 3767 l.
1085 3722 1140 3776 est,

89 3809 174 3885 quod
189 3808 321 3864 Barthius
337 3807 374 3864 ad
387 3807 602 3883 intelligendam
616 3825 717 3865 vocem
731 3808 805 3864 arvis
819 3803 918 3878 affert,
928 3805 1066 3863 Ovidium
1078 3808 1140 3861 vnl-

90 3910 133 3960 les
153 3921 258 3959 vocare
273 3903 343 3958 ostia
364 3901 422 3957 Nili
442 3902 482 3957 ob
503 3901 691 3960 latitudinem.
710 3901 878 3978 Legendunr
899 3912 958 3957 eret
976 3918 1042 3955 oum
1058 3902 1138 3955 Gro-

90 3996 181 4053 novio
207 4017 213 4049 ι
238 3997 332 4050 alveis.

192 4124 226 4167 Il.
1008 4122 1046 4164 21
