2934 4950
73 417 113 476 (v.
129 415 201 479 ³51.)
383 409 639 469 scultutnos
662 411 776 470 um
797 415 821 469 t.

74 542 225 630 (Nonne
242 536 351 627 vides,
371 553 409 608 ut
430 553 526 610 torva
545 563 664 634 genas,
680 539 912 634 aequandaque
929 538 1074 636 fratril)

72 660 256 730 Tradimus
274 685 282 728 ε
304 683 398 736 arma
412 659 562 730 humeris
574 685 757 756 arcumque
773 662 926 731 animose
945 663 1081 757 petehut

72 786 199 866 Ferre,
219 797 252 851 et
269 783 455 851 Amazonio
470 781 638 854 connubia
656 780 780 878 pellere
797 785 878 852 ritu.

73 903 144 973 Sed
160 902 244 972 mihi
264 925 423 972 curarum
443 904 523 972 satis
539 917 589 973 est
606 928 670 997 pro
690 905 794 998 stirpe
812 902 912 973 virili.

72 1029 157 1094 Haec
175 1022 324 1094 calathos
339 1039 374 1094 et
392 1048 485 1096 sacra
503 1024 589 1095 ferat
607 1052 617 1094 ε
635 1041 673 1097 tu
693 1026 812 1122 frange
827 1025 976 1122 regendo

72 1143 263 1215 Indocilem
284 1170 468 1241 sexumque
486 1161 579 1238 tenc,
598 1147 680 1217 dum
697 1147 822 1219 nubilis
843 1165 940 1234 atas,

72 1265 330 1362 solvendusque
347 1267 457 1363 pudor
475 1293 484 1336 ι
503 1293 588 1338 neve
602 1293 758 1339 exercere
771 1286 946 1365 protervas

73 1387 289 1483 Gymnadas,
310 1402 369 1458 aut
387 1388 502 1458 lustris
521 1414 700 1460 nemorum
715 1391 862 1461 carneade
879 1393 1005 1488 vagari.

71 1514 173 1579 Intus
190 1509 260 1601 ale,
279 1525 314 1579 ct
331 1508 455 1582 similes
475 1513 563 1582 inter
583 1510 717 1584 seclude
734 1512 876 1609 puellae.

72 1633 193 1702 Litore
209 1635 398 1730 praecipue,
417 1647 586 1730 portuque
606 1659 723 1705 arcere
738 1652 917 1706 memento.

72 1753 201 1824 Vidisti
222 1755 324 1826 modo
344 1755 418 1828 vela
434 1758 607 1853 Phrygum
627 1784 636 1828 :
654 1760 723 1855 jam
743 1773 863 1828 mutua
876 1759 952 1853 jura

71 1874 205 1947 Fallere
226 1880 431 1950 transmissa
448 1880 567 1977 pelago
586 1880 733 1952 didioere
750 1883 881 1952 carina.
900 1911 917 1948 a

126 1998 267 2069 Accedit
286 1997 384 2070 dictis
402 2015 509 2096 pater,
526 2002 728 2099 ingenioque
745 2006 893 2100 parentis

72 2119 256 2192 Occultum
274 2123 433 2194 AEaciden
449 2123 539 2221 (quis
556 2127 683 2196 Divum
700 2126 875 2197 haudibus
890 2125 1041 2220 obstetl)

72 2244 208 2338 Accipit
225 2269 233 2312 :
253 2243 345 2314 ultro
360 2247 462 2316 etiam
477 2261 658 2320 veneratur
673 2247 824 2343 supplice
841 2246 974 2333 dextra,

71 2369 115 2435 Et
138 2381 248 2461 grates
266 2343 392 2438 electus
411 2370 482 2464 agit
499 2395 507 2438 ε
524 2394 586 2440 nec
604 2370 705 2439 turha
722 2370 855 2464 piarum

73 2489 274 2585 Scyriadum
292 2506 400 2561 cesset
416 2492 522 2563 nimio
536 2491 682 2588 deligere
699 2492 774 2562 risu
920 2575 924 2580 ⁴

74 2602 226 2707 Virginis
244 2636 305 2681 ora
323 2637 434 2701 nove,
455 2629 620 2708 quantum
637 2586 784 2701 cervice,
801 2614 973 2708 comisque

72 2735 243 2823 Emineat,
262 2750 494 2830 quantumque
512 2736 670 2805 himerus
687 2760 728 2805 ac
745 2750 883 2831 pentorn
898 2735 1028 2806 tundat.

72 2857 207 2926 Dehinc
222 2858 349 2927 sociare
365 2858 502 2948 chorus,
519 2860 688 2953 caetisrue
700 2858 860 2929 accedere
873 2860 977 2929 sacris

73 2984 279 3069 llortantnr,
300 2979 491 3075 ceduntque
509 2980 601 3071 lom,
620 2981 869 3076 etscontingere
886 2980 1041 3076 gaudent.

74 3101 233 3191 Qualiter
249 3102 362 3173 ldaliae
376 3102 546 3187 volucres,
562 3103 621 3173 ubi
634 3102 750 3174 mollia
765 3103 926 3199 frangrmt

74 3223 216 3312 Nubila,
234 3225 306 3319 jam
324 3223 631 3321 longumcoeluquc
650 3225 820 3321 domoque
840 3240 1004 3322 gregata,
1033 3248 1056 3279 .·
1090 3271 1094 3275 Α
1123 3266 1127 3276 .

76 3349 114 3433 Si
126 3348 243 3442 junxit
259 3373 407 3444 pennas,
424 3346 624 3444 diversoque
641 3350 774 3445 hospita
793 3364 903 3419 tractu
1119 3340 1123 3354 ²

74 3472 179 3540 Venit
199 3471 290 3557 avis,
307 3484 435 3544 cunctae
456 3473 603 3566 primum
622 3473 791 3543 mirantur
807 3486 841 3541 et
859 3472 1026 3542 horrent:
1178 3493 1185 3506 ·

77 3593 158 3662 Mox
178 3592 317 3687 propius
337 3594 542 3690 propiusque
560 3591 688 3683 volant,
707 3608 810 3687 atquc
830 3618 907 3663 aere
925 3595 961 3663 in
976 3595 1050 3690 ipso

77 3696 242 3783 Paulatim
263 3714 371 3786 fecere
388 3740 504 3805 suam,
523 3714 709 3811 plausuque
726 3714 875 3785 secundo

78 3838 297 3925 Circumcunt
312 3837 453 3924 hilares,
473 3853 507 3909 et
522 3837 564 3907 nd
582 3836 651 3909 alt·
667 3836 791 3907 ruhilia
807 3837 945 3907 ducunt.

124 3959 325 4055 Digreditur
340 3958 486 4031 multum
504 3974 663 4031 cunctata
679 3962 715 4029 in
736 3957 852 4028 limine
869 3974 987 4047 mater,
1032 3990 1037 4001 ·

79 4085 169 4153 Dum
185 4084 306 4178 repetit
324 4086 490 4179 hinnitus,
507 4108 694 4179 arcanaque
712 4104 886 4154 murruura
903 4082 974 4179 ligit
