2934 4950
400 401 595 458 SILVARUM
613 404 724 460 matt
744 402 793 458 lv.
1065 408 1118 462 nt

87 528 150 594 Nec
165 551 234 594 non
252 537 366 593 noster
382 549 476 594 amor
493 524 654 621 (dubium
672 527 1057 621 morumneprobandus

85 646 251 741 Ingeniine
272 642 391 740 bonis)
406 645 511 713 Latiis
526 647 652 716 metiret
669 649 703 716 in
720 646 810 716 oris?

84 771 175 835 Anne
191 763 397 834 metalliferae
413 766 534 859 repetit
548 766 619 859 jam
636 769 759 835 moenia
775 769 897 854 Lunae,

84 885 333 978 Tyrrhenasque
353 883 490 952 domos?
505 884 596 977 quod
612 885 640 953 si
657 883 717 956 tibi
736 887 906 979 proximus
922 887 1044 973 haeret,

83 1007 152 1072 Non
168 1029 233 1099 ego
249 1029 341 1072 nunc
357 1018 468 1072 vestro
484 1002 602 1098 procul
622 1028 642 1072 a
658 1029 812 1076 sermone
828 1007 947 1078 recedo
963 1035 972 1078 ι

81 1129 215 1194 Certum
230 1140 301 1212 est3
319 1123 398 1192 inde
413 1147 515 1193 sonus
531 1126 678 1220 geminas
695 1127 778 1196 mihi
795 1129 912 1196 circuit
929 1153 1034 1200 aures.

123 1245 214 1316 «Sed
230 1259 284 1331 tu,
301 1242 383 1312 dum
398 1245 502 1315 nimio
519 1269 666 1339 possessa
679 1247 872 1342 Hyperione
888 1247 1006 1342 flagrat

82 1369 186 1434 Torva
201 1364 349 1436 Cleonaei
363 1366 445 1460 juba
462 1364 596 1452 sideris,
616 1391 715 1436 exsue
731 1367 819 1436 curis

84 1490 216 1574 Pectus,
236 1499 271 1554 et
289 1485 421 1555 assiduo
441 1487 542 1554 'temet
560 1484 671 1554 fruare
689 1485 796 1556 labori

86 1611 121 1675 Et
137 1620 249 1675 sontes
265 1606 374 1700 operit
390 1605 582 1699 pharetras,
600 1629 782 1700 arcumque
800 1606 945 1676 retendit

87 1728 237 1815 Partlrus3
257 1743 291 1796 et
307 1724 406 1797 Eleos
425 1727 561 1821 auriga,
579 1725 748 1797 laboribus
765 1730 867 1818 actis,

88 1847 205 1943 Alpheo
222 1845 412 1943 permulcet
427 1871 550 1941 equos;
568 1860 602 1915 et
618 1861 733 1918 nostra
749 1849 870 1918 fatiscit

88 1972 290 2062 laxaturque
307 1963 418 2061 chelys
435 1993 443 2034 ε
460 1968 549 2036 vires
564 1967 721 2064 instigat,
741 1969 866 2064 alitque

29 2134 30 2183 3
88 2089 286 2184 Tempestira
302 2088 417 2182 quies3
436 2087 543 2181 major
563 2104 641 2181 post
655 2091 724 2159 otia
739 2089 855 2158 virtus.

29 2186 30 2207 Χ
87 2208 163 2279 Talis
179 2223 315 2280 cantata
333 2206 480 2278 Briseide
499 2210 591 2278 veuit
606 2207 751 2282 Achilles

87 2333 208 2422 Acrior,
228 2345 261 2400 et
277 2332 394 2425 positis
411 2331 521 2424 erupit
538 2332 574 2398 in
592 2333 737 2400 Hectora
754 2329 896 2427 plectris.

88 2456 125 2524 Te
143 2479 277 2549 quoque
296 2449 479 2521 flammabit
496 2450 595 2521 tacite
613 2452 755 2547 repetita
773 2476 953 2547 parumper
984 2498 987 2505 ⁴

87 2574 230 2663 Desidia,
247 2589 282 2643 et
297 2571 411 2642 solitos
428 2596 536 2641 novus
553 2571 732 2642 exsultabis
750 2574 785 2641 in
802 2588 903 2643 actus.

88 2699 173 2766 Certe
184 2698 258 2791 jam
273 2695 379 2765 Latiae
392 2718 463 2763 non
480 2694 619 2764 miscent
634 2694 746 2788 jurgia
762 2692 871 2788 leges,

89 2820 124 2884 Et
138 2841 252 2911 paoem
272 2818 367 2911 piger
386 2839 495 2885 annus
515 2813 636 2901 habet;
656 2838 842 2910 messesque
859 2838 998 2897 reversae

87 2938 240 3005 Dinisere
255 2935 368 3005 forum
384 2962 393 3004 ε
411 2961 472 3005 nec
486 2937 557 3031 jam
573 2934 635 3005 tibi
652 2936 750 3005 turba
768 2960 901 3006 reorum

88 3056 266 3146 vestibulo,
283 3054 456 3151 querulive
473 3070 593 3151 rogant
609 3056 698 3129 exire
715 3055 879 3127 clientes:

89 3180 187 3249 Cessat
206 3177 351 3249 Centeni
369 3176 572 3247 moderatrix
589 3174 715 3247 Judicis
732 3168 828 3247 hasta
837 3226 848 3265 ,

89 3300 152 3387 Qua
169 3300 231 3369 tibi
251 3295 387 3368 sublimi
401 3297 470 3392 jam
490 3323 581 3368 nunc
601 3296 816 3369 celeberrime
836 3297 923 3367 fama

89 3421 225 3507 Eminet,
242 3434 278 3488 et
290 3420 430 3515 juvenes
445 3418 602 3489 facundia
619 3419 765 3512 praeterit
780 3441 895 3487 annos.

128 3540 245 3611 «Felix
261 3538 437 3611 curarum!
456 3542 511 3610 cui
531 3565 600 3609 non
617 3536 791 3609 Heliconia
807 3536 900 3606 cordi

91 3663 193 3750 Serta,
209 3688 272 3731 nec
290 3658 440 3730 imbelles
459 3661 597 3734 Parnasi
616 3684 636 3727 e
653 3659 776 3727 vertice
796 3656 930 3743 laurus;

91 3781 147 3850 Sed
163 3784 249 3878 viget
266 3782 458 3876 ingenium,
478 3793 511 3849 et
528 3804 668 3875 magnos
684 3778 851 3848 accinctus
871 3778 906 3845 in
924 3800 1002 3847 usus

91 3904 157 3972 Fert
173 3906 303 3973 animus
321 3925 546 3996 quascumque
564 3902 652 3971 vices
671 3925 679 3968 ε
700 3924 761 3969 nos
782 3900 848 3969 otia
869 3899 944 3967 vite

93 4021 232 4094 Sobmur
248 4038 368 4114 cantu,
389 4037 592 4117 ventosaque
612 4022 735 4118 gaudia
752 4021 846 4091 famae
1070 4098 1072 4103 ¹

223 4172 243 4215 ι.
940 4140 960 4208 8
