2934 4950
338 413 350 427 “
379 431 417 489 as
686 433 905 493 rusnamos
929 433 1039 491 mnne
1062 435 1112 490 tv.
1313 437 1409 500 (enai

287 594 295 602 ·
376 564 502 656 Argus,
519 556 638 653 Aquae!
660 558 848 656 longusque
869 562 978 630 virum
996 587 1096 656 super
1113 587 1172 632 ora
1188 570 1339 636 cucurrit

375 678 526 767 Clamor,
543 679 664 775 Aquae!
687 683 734 751 sic
753 681 921 751 Ambracii
942 705 1002 776 per
1019 682 1119 753 litora
1138 685 1232 779 ponti

375 803 539 874 Nauticus
558 805 593 872 in
612 805 712 873 remis
728 805 890 898 juvenum
912 817 1120 874 monstrante
1137 807 1299 902 magistro

375 926 429 994 Fit
447 949 565 1015 sonus,
581 927 684 1020 inque
701 927 808 995 vicem
825 941 942 995 contra
957 951 1115 1022 percussa
1132 925 1293 997 reclamat

375 1049 495 1138 Terra,
513 1046 677 1118 saiutatus
694 1067 800 1141 quum
818 1046 973 1118 Leucada
990 1047 1107 1142 pandit
1127 1047 1259 1144 Apollo.

424 1170 611 1240 Incubuere
626 1168 720 1239 vadis
739 1169 862 1264 passim
877 1168 1069 1240 discrimine
1089 1167 1183 1239 nullo

376 1291 490 1361 Turba
509 1290 624 1382 simul,
644 1292 812 1388 primique
831 1315 839 1358 ε
859 1289 976 1386 nequit
993 1315 1163 1362 secernere
1179 1291 1301 1362 mixtos

377 1414 576 1509 AEquasitis
594 1439 603 1484 :
624 1413 754 1484 fienata
774 1413 844 1483 suis
857 1413 893 1482 in
910 1413 1064 1482 curribus
1082 1413 1210 1484 intrant

376 1542 559 1626 Armenta,
575 1551 610 1606 et
628 1534 717 1631 pleni
732 1519 894 1624 dominis,
914 1535 1080 1629 armisque
1096 1534 1252 1606 feruntur

377 1657 642 1754 Quadrupedes;
663 1658 725 1727 hos
742 1658 843 1726 turbo
860 1681 979 1751 rapax,
998 1658 1059 1727 bos
1077 1655 1204 1726 lubrica
1221 1655 1339 1728 failunt

379 1783 464 1850 Sua
481 1806 490 1850 ε
509 1804 571 1850 nec
591 1760 770 1874 implicitos
788 1778 893 1849 fluvio
912 1779 1096 1848 reverentia
1114 1783 1208 1874 neges

376 1905 573 1989 Proterere‚
593 1916 653 1971 aut
669 1900 822 1970 mersisse
842 1900 928 1970 vado
945 1897 1120 1971 clamantis
1135 1901 1234 1971 amici

376 2027 458 2108 Ora.
474 2027 638 2093 Fremunt
655 2021 773 2111 undae,
790 2019 978 2118 longusque
995 2041 1015 2090 a
1032 2021 1181 2092 fontibus
1198 2023 1304 2094 amnis

377 2145 561 2240 Diripitur;
577 2143 678 2214 modo
697 2141 772 2214 lene
789 2145 919 2232 virens,
940 2158 974 2214 ct
993 2144 1124 2241 gurgite
1141 2169 1228 2240 puro

378 2267 600 2362 Perspicuus‚
618 2289 709 2336 nunc
727 2265 841 2337 sordet
857 2266 951 2360 aquis
967 2279 1099 2362 egestus
1119 2267 1160 2335 ab
1180 2266 1249 2337 imo

378 2386 527 2460 Alveus:
546 2387 626 2458 inde
643 2403 737 2459 toros
752 2387 918 2485 riparum,
933 2402 968 2458 et
984 2402 1124 2484 proruta
1140 2389 1279 2458 turbant

379 2511 543 2581 Gramina
563 2537 573 2581 ι
589 2510 660 2607 jam
677 2534 808 2580 crassus
826 2534 989 2607 coenoque
1007 2524 1041 2579 et
1059 2508 1196 2607 pulvere
1218 2506 1359 2600 torrens,

379 2635 584 2726 Quanquam
603 2630 736 2729 expleta
755 2632 846 2723 sitis,
862 2631 991 2701 bibitur
1008 2646 1130 2703 umen
1149 2632 1295 2727 Agmina
1311 2629 1385 2701 bello

378 2758 559 2824 Decertare
580 2768 697 2850 putes,
710 2753 916 2848 justumque,
926 2754 962 2821 in
982 2754 1114 2849 gurgite
1131 2756 1277 2823 Martem

378 2874 569 2965 perfurere,
587 2890 622 2944 et
641 2890 773 2969 captam
790 2872 862 2945 tolli
882 2874 1065 2945 victoribus
1082 2875 1210 2945 urbem.

427 3001 538 3092 Atque
556 2996 678 3092 aliquis
696 3021 815 3093 regum
836 2996 946 3065 medio
963 2995 1181 3067 circumfluus
1199 2998 1291 3066 amni
1312 3023 1319 3065 :

379 3118 598 3209 «Silvarum,
616 3119 760 3207 Nemee,
777 3116 878 3213 longe
894 3118 1010 3213 regina
1031 3119 1215 3207 virentum,
1263 3136 1265 3141 '

353 3264 357 3269 ’
379 3243 481 3311 Lecta
498 3242 573 3310 Jovi
594 3240 703 3329 sedes,
720 3264 822 3333 quam
839 3262 943 3327 nunc,
963 3263 1031 3308 non
1049 3220 1202 3309 Herculis
1218 3243 1297 3311 actis

380 3366 475 3434 Dura
490 3363 610 3457 magis,
628 3360 737 3431 rabidi
752 3385 858 3456 quum
876 3358 962 3430 colla
977 3362 1141 3433 minantia
1157 3366 1297 3433 monstri

378 3488 545 3580 Angeret,
563 3497 598 3554 et
612 3481 760 3553 tumidos
776 3482 922 3552 animam
942 3496 1138 3578 angustaret
1155 3484 1191 3553 in
1210 3499 1322 3554 artus:

378 3610 450 3675 Hac
466 3605 595 3675 saevisse
613 3618 710 3673 tenus
725 3600 931 3700 populorum
951 3602 1086 3699 incepta
1108 3619 1245 3675 tuorum

380 3724 557 3797 Sufficiat:
574 3739 679 3820 tuque
696 3750 718 3795 o
736 3726 865 3795 cunctis
882 3725 1012 3795 insuete
1029 3724 1159 3795 domari

379 3847 532 3935 Solibus,
546 3860 676 3917 aterna
692 3844 833 3943 largitor
853 3848 1006 3943 corniger
1027 3846 1143 3939 undte,

378 3973 490 4041 taetus
506 3993 581 4058 eas,
597 3994 799 4064 quacunque
816 3967 918 4037 domo
935 3965 1117 4065 gelidaora
1133 3970 1270 4041 resolvis

380 4091 573 4164 Immortale
595 4107 728 4161 tumens
752 4118 759 4160 :
783 4092 997 4187 nequeenim
1018 4092 1077 4161 tibi
1098 4118 1181 4164 cana
1202 4110 1340 4191 repostas
