2934 4950
94 453 186 506 ιιιι..)
428 437 620 494 sumunt
639 437 750 493 LIBER
771 439 807 492 11.

92 567 167 632 Sive
185 565 349 632 catenatis
366 561 511 630 nudatus
527 562 675 630 membra
693 560 851 654 palaestris

92 688 221 771 Staret,
239 681 404 776 Amyclaea
419 695 617 776 conceptum
634 694 740 750 matre
756 693 907 774 putares;

91 802 285 873 OEbaliden
303 800 361 870 illo
378 825 524 896 praeceps
538 814 683 870 mutaret
697 796 833 894 Apollo,

90 920 227 992 Alcides
249 934 401 1017 pensaret
417 919 527 1016 Hylan
545 947 554 990 ε
573 945 631 990 seu
649 922 771 990 Graius
788 921 911 990 amictu

90 1045 208 1112 Attica
224 1041 361 1111 facundi
378 1041 569 1111 decurreret
586 1066 661 1110 orsa
676 1040 870 1127 Menandri,

89 1163 266 1232 laudaret
282 1163 395 1256 gavisa
410 1186 545 1249 sonum,
562 1163 755 1255 crinemque
772 1160 930 1230 decorum

89 1283 269 1350 Pressisset
290 1306 385 1350 rosea
402 1281 523 1350 lasciva
538 1279 656 1350 Thalia
672 1305 796 1350 corona
812 1306 821 1347 ε

91 1403 280 1470 Maeonium
297 1402 365 1470 sive
384 1400 440 1470 ille
456 1423 583 1487 senem,
598 1403 771 1495 Trojaeque
787 1397 917 1468 labores

92 1523 246 1610 Diceret,
265 1536 324 1590 aut
339 1546 434 1591 casus
450 1521 543 1590 tarde
560 1522 737 1592 remeantis
753 1519 843 1590 Ulixi
856 1545 867 1606 ;

94 1644 171 1735 lpse
187 1655 285 1735 pater
300 1664 430 1729 sensus,
448 1641 511 1735 ipsi
530 1655 687 1736 stupuere
705 1642 864 1736 magistri.

144 1759 278 1830 Scilicet
293 1759 437 1829 infausta
452 1761 607 1830 Lachesis
623 1759 790 1829 cunabula
805 1759 922 1830 dextra

94 1881 235 1974 attigit,
254 1893 289 1948 et
305 1881 433 1974 gremio
449 1905 591 1974 puerum
608 1880 779 1974 complexa
797 1880 929 1951 fovebat
969 1970 972 1980 ί

95 1999 225 2068 Invidia
245 2026 255 2069 ε
274 1998 333 2068 illa
353 2023 475 2094 genas,
492 2013 526 2068 et
542 1999 694 2070 adultum
713 2025 844 2070 comere
859 2002 1000 2086 crinem,

96 2124 138 2189 Et
153 2133 342 2190 monstrare
360 2135 461 2207 artes,
478 2135 511 2190 et
528 2121 629 2190 verba
644 2120 844 2216 refringere,
860 2146 934 2215 quae
951 2146 1042 2190 nunc
1128 2118 1130 2123 ’

96 2239 299 2336 Plangimus.
316 2238 497 2310 Herculeos
513 2242 609 2310 annis
625 2265 756 2334 equare
770 2239 900 2311 labores

98 2362 250 2455 Coeperat
267 2385 459 2454 assurgens,
476 2375 509 2430 et
526 2359 635 2431 adhuc
652 2360 794 2430 infantia
808 2362 902 2454 juxta
919 2388 928 2428 ε

98 2485 166 2549 Jam
186 2496 300 2549 tamen
318 2494 352 2549 et
368 2480 470 2549 validi
487 2506 631 2577 gressus,
646 2502 868 2575 mensuraque
884 2484 991 2574 major

99 2599 265 2688 Cultibus,
282 2614 316 2669 et
331 2602 408 2670 visae
424 2626 529 2695 puero
549 2602 737 2672 decrescere
756 2615 862 2670 vestes
879 2628 887 2671 ε
915 2644 918 2659 ›

98 2722 209 2809 Quum
228 2721 306 2810 tihi,
322 2744 404 2814 quas
420 2734 545 2810 vestes,
564 2747 637 2815 quae
652 2748 721 2792 non
738 2723 919 2818 gestamina
936 2722 1026 2790 mitis

97 2840 285 2909 Festinabat
300 2841 420 2910 herus?
436 2841 591 2911 brevibus
608 2845 835 2940 constringere
853 2840 946 2911 laenis

98 2960 249 3049 Pectora,
264 2975 299 3031 et
313 2976 454 3057 angusta
469 2961 551 3033 telas
567 2974 694 3033 arctare
711 2962 861 3052 lacerna,

98 3084 232 3151 Enormi
251 3107 321 3152 non
339 3081 395 3151 ille
414 3084 538 3173 sinens,
556 3084 614 3153 sed
629 3109 761 3179 semper
780 3085 822 3153 ad
840 3108 945 3153 annos

97 3203 196 3272 Texta
212 3202 341 3299 legens,
359 3203 460 3273 modo
476 3206 623 3274 Puniceo
639 3203 771 3274 velabat
788 3205 928 3291 amictu,

97 3323 191 3392 Nunc
207 3323 328 3393 herbas
347 3326 498 3393 imitante
515 3326 611 3411 sinu,
629 3348 719 3395 nunc
738 3324 834 3394 dulce
850 3323 984 3393 rubenti

96 3444 238 3532 Murice,
258 3468 349 3514 nunc
365 3446 449 3514 vivis
465 3444 586 3540 digitos
605 3442 784 3515 incendere
800 3446 939 3539 gemmis

97 3562 269 3634 Gaudebet
286 3590 295 3633 ε
314 3589 385 3634 non
404 3566 501 3635 turba
517 3591 641 3654 comes,
660 3591 728 3636 non
747 3590 887 3635 munera
903 3588 1033 3651 census,

97 3683 168 3754 Sola
184 3685 377 3755 verecundo
395 3684 507 3756 deerat
526 3700 685 3781 praetexta
703 3686 825 3756 decori.

29 3768 119 3843 Α
141 3810 217 3877 llaec
234 3807 372 3877 fortuna
389 3806 506 3877 domus
523 3835 531 3876 :
552 3808 677 3879 subitas
693 3809 828 3876 inimica
843 3806 966 3876 levavit
996 3786 1000 3796 ¹

99 3928 194 3997 Parca
209 3953 329 3999 manus
347 3953 356 3996 :
377 3952 445 4022 quo
460 3928 537 3997 diva
553 3929 640 3998 seros
656 3928 768 4024 gravis
783 3930 904 3997 exseris
921 3921 1065 4022 ungues!

100 4046 170 4115 Non
186 4063 218 4119 te
235 4050 346 4119 forma
363 4048 493 4118 movet?
510 4075 578 4119 non
594 4065 626 4119 te
644 4048 866 4144 lacrymabilis
885 4044 986 4122 setas?
