2934 4950
36 430 72 493 (v.
85 431 166 494 ⁵³⁵.)
356 429 569 486 Tmnmos
589 429 701 486 elaea
720 429 788 486 ΧΠ.
1043 435 1101 503 ²⁴9

35 554 199 626 Foederis
217 581 225 624 :
244 556 331 626 hanc
349 557 465 651 patrie
483 557 569 626 ritus
586 554 723 651 fregisse
741 578 873 635 severos
903 603 910 608 -

34 676 207 747 Atthides
225 675 369 770 oblique
389 701 501 748 secum
524 678 690 746 mirantur
707 691 827 771 operto

36 802 227 868 Murmure
246 824 254 867 :
274 797 365 894 quod
383 795 482 868 nitidi
503 800 630 888 crines,
647 797 738 893 quod
757 813 894 893 pectora
915 796 1004 892 palla

36 925 136 990 Tota
157 919 281 1008 latent,
299 921 429 1016 magnis
452 920 543 1015 quod
560 923 701 992 barbara
723 936 828 992 semet
842 921 982 992 Athenis

37 1043 210 1131 Misceat,
228 1058 329 1136 atque
346 1042 435 1112 hosti
452 1044 565 1112 veniat
583 1044 733 1139 paritura
751 1044 885 1114 marito.

31 1173 33 1180 ’
94 1161 257 1234 Paullum
276 1177 309 1234 et
329 1164 371 1233 ab
391 1166 525 1234 insessis
544 1179 669 1234 moestte
684 1163 879 1259 Pelopeides
897 1166 964 1233 aris

39 1290 255 1356 Promovere
272 1284 433 1381 gradum,
451 1287 637 1380 seriemque
654 1301 688 1356 et
706 1285 796 1356 dona
814 1287 977 1382 triumphi

40 1410 233 1497 Mirantur,
248 1408 394 1502 victique
414 1409 527 1477 animo
549 1409 677 1479 rediere
697 1411 829 1478 mariti·

41 1533 163 1625 Atque
183 1531 243 1600 ubi
260 1529 405 1600 tardavit
423 1555 561 1618 currus,
581 1545 615 1600 et
632 1533 674 1600 ab
694 1556 756 1600 exe
774 1533 922 1628 superbo

44 1651 216 1747 Explorat
232 1677 350 1722 causas
368 1655 493 1744 victor,
515 1655 689 1748 poscitque
707 1655 854 1751 benigna

45 1777 142 1843 Aure
162 1799 295 1868 preces,
314 1798 395 1844 ausa
414 1791 493 1845 ante
513 1775 594 1846 alias
614 1779 785 1872 Capaneia
803 1779 927 1872 conjux
946 1805 953 1846 :

98 1927 117 1961 α
137 1893 283 1992 Belliger
301 1895 436 1992 AEgide‚
457 1897 575 1969 subitae
594 1899 649 1967 cui
670 1901 816 1968 maxima
834 1897 941 1969 laudis

48 2020 189 2087 Semina
209 2017 252 2087 de
272 2020 394 2088 nostris
412 2021 521 2113 aperit
539 2023 688 2090 Fortuna
707 2022 834 2106 ruinis,

47 2143 129 2211 Non
150 2155 289 2210 externa
307 2165 432 2236 genus,
451 2141 531 2211 dirae
550 2167 612 2212 nec
631 2143 765 2211 conscia
783 2167 897 2232 noxae,

49 2264 168 2332 Turba
185 2287 300 2332 sumus
318 2289 325 2330 :
345 2241 464 2333 domus
482 2241 590 2359 Argos
608 2277 698 2352 erat,
715 2288 875 2359 regesque
892 2264 1021 2350 mariti,

49 2386 130 2454 Non
148 2387 280 2455 utinam
300 2401 333 2455 et
351 2384 453 2456 fortes
472 2413 479 2456 :
498 2385 579 2480 quid
597 2387 686 2454 enim
707 2401 842 2481 septena
861 2409 997 2454 movere

51 2510 193 2594 Castra,
210 2524 245 2577 et
262 2480 453 2605 Agenoreos
471 2534 557 2603 opus
575 2508 755 2577 emendare
773 2508 931 2602 penates?

53 2630 123 2699 Nec
138 2632 313 2724 querimur
331 2654 431 2701 caesos
451 2656 458 2699 :
477 2631 547 2700 haec
566 2628 684 2699 bellica
700 2631 796 2723 jura,
812 2631 967 2724 vicesque

53 2754 259 2822 Armorum:
277 2751 334 2822 sed
352 2777 421 2822 non
440 2750 560 2823 Siculis
577 2765 692 2821 exorta
710 2752 772 2822 sub
791 2752 896 2821 antris

54 2874 226 2963 Monstra,
246 2899 307 2944 nec
322 2874 427 2945 Ossaei
443 2872 533 2944 bello
550 2874 698 2944 cecidere
716 2874 928 2943 bimembres.

54 2997 155 3066 Mitto
166 3021 286 3092 genus,
298 2995 473 3091 clarosque
480 3012 608 3092 patres;
618 2997 809 3084 hominum,
820 2996 942 3092 inclyte
951 2998 1101 3087 Theseu,

55 3120 198 3213 Sanguis
215 3134 329 3208 erant,
347 3119 518 3209 homines,
536 3117 717 3214 eademque
734 3121 770 3188 in
788 3118 909 3207 sidera,
923 3120 1056 3192 eosdem

56 3242 199 3311 Sortitus
220 3243 427 3331 animarum,
447 3242 671 3337 alimentaque
690 3257 799 3311 vestra
818 3242 940 3328 creati,

57 3364 150 3452 Quos
166 3380 259 3436 vetat
276 3366 354 3461 igne
371 3369 503 3453 Creon,
521 3368 710 3461 Stygiaeque
729 3390 749 3433 a
768 3363 882 3434 limine
902 3379 1024 3459 portae,

52 3488 125 3555 'Ceu
144 3502 237 3555 sator
252 3487 492 3577 Eumenidum,
512 3502 571 3557 aut
588 3486 713 3556 [ethaei
732 3486 877 3580 portitor
897 3488 1024 3575 amnis,

58 3608 256 3697 Submovet,
277 3634 315 3677 ac
335 3607 439 3678 dubio
458 3607 599 3703 coelique
615 3608 783 3701 Erebique
800 3608 862 3677 sub
880 3633 941 3676 axe

58 3732 199 3800 Detinet.
220 3734 293 3801 Heu
312 3734 469 3827 princeps
489 3728 624 3800 natura!
641 3730 699 3799 ubi
717 3730 879 3799 numina?
898 3732 954 3799 ubi
973 3728 1028 3799 ille

60 3852 218 3924 Fulminis
236 3856 352 3949 injusti
367 3853 553 3949 jaculator?
570 3855 628 3924 ubi
648 3852 746 3941 estis,
764 3852 924 3923 Athenae?

61 3976 205 4071 Septima
222 3978 292 4070 jam
311 4002 450 4074 surgens
471 3978 609 4073 trepidis
628 3980 759 4046 Aurora
775 3976 923 4069 jacentes

62 4100 237 4171 Aversatur
253 4102 347 4193 equis
363 4127 370 4169 ε
388 4099 498 4169 radios
517 4098 679 4189 declinat,
695 4114 727 4167 et
744 4099 860 4167 horret
