2934 4950
346 409 404 466 302
723 405 1024 462 subornatores

389 529 510 582 Amores
523 521 561 602 (v.
578 521 659 600 293).
678 523 744 578 Scil.
761 523 841 579 Jovis
855 533 884 579 et
898 522 1040 578 Callistus.

386 617 532 693 AEpliitios
555 615 593 695 (v.
610 614 688 694 296).
711 615 878 689 «AEphitios
896 614 974 693 (cod.
994 616 1082 674 Paris.
1102 616 1232 693 Epicios)
1252 636 1271 673 a
1288 617 1400 674 civitate
1455 634 1456 687 l

345 715 391 770 vel
408 723 507 768 monte
521 710 602 767 ducis
621 710 739 767 nomine
752 720 945 784 nuncupatos.
961 709 1000 766 Hi
1018 729 1137 784 quoque
1150 711 1283 767 mdia
1297 714 1400 785 popuii
1455 702 1456 711 ¹

346 819 420 864 sunt.
436 833 447 857 b
462 808 548 863 Licr.
565 803 708 861 Videntur
727 823 786 860 esse
806 813 924 882 Αἰγῦται,
945 815 974 859 et
996 803 1149 878 legendum
1166 807 1304 880 AEgytrbs
1319 825 1332 860 .·
1348 806 1400 861 rid
1455 832 1456 835 ¹

346 920 410 975 quae
429 918 466 955 ex
490 897 631 954 Palmario
654 908 682 952 et
705 898 742 953 al.
764 895 882 952 Siebelis
904 895 943 952 ad
961 897 1097 968 Pansam,
1110 915 1189 968 viu,
1215 916 1265 968 27,
1288 917 1321 971 p.
1350 899 1400 955 285

347 994 411 1049 coll.
427 1012 450 1048 c.
468 993 521 1062 34,
536 991 587 1046 ubi
602 989 708 1046 eaedem
722 1009 787 1066 quae
800 989 831 1044 in
848 989 932 1045 Statii
948 990 1015 1047 loeo
1029 988 1182 1047 varietates
1195 991 1346 1049 lectionis.

391 1084 511 1140 Casside
524 1085 614 1140 crines
626 1085 731 1158 integit
745 1082 784 1161 (v.
799 1080 878 1159 302).
898 1101 909 1136 1
927 1083 1011 1153 nen,
1025 1085 1091 1138 PR:
1109 1085 1233 1140 cassida.
1244 1085 1400 1162 lnagineu

347 1179 384 1235 de
398 1179 515 1254 erpelle,
535 1196 562 1232 v.
585 1175 659 1248 315,
677 1175 812 1251 pluribus
831 1177 1000 1250 exsequitur
1017 1177 1064 1233 eit.
1085 1176 1122 1232 ab
1140 1177 1205 1232 intt
1225 1179 1400 1236 Claudianus

346 1273 383 1326 de
397 1273 495 1346 Rapta
509 1271 606 1337 Pius„
623 1289 680 1340 ιιι,
697 1267 755 1325 263
770 1287 833 1343 sqq.

347 1430 350 1448 ,
391 1379 551 1452 Tenemque
569 1377 643 1433 unde
662 1373 699 1450 (v.
715 1371 795 1452 319).
816 1375 886 1430 Duo
900 1373 1003 1448 optimi
1020 1378 1111 1432 Grou.
1126 1395 1133 1430 ε
1149 1389 1269 1432 «mm
1287 1378 1400 1448 unde„

348 1470 408 1528 sine
424 1490 494 1545 que,
510 1467 592 1544 quod
611 1467 732 1524 nimium
745 1470 870 1544 languet.
890 1468 945 1524 Hic
957 1468 1052 1525 hiatus
1068 1489 1129 1525 non
1145 1489 1229 1526 rarus
1249 1472 1384 1548 Virgilio.

392 1563 448 1633 Vos
460 1589 554 1632 autem
572 1575 647 1631 bunc
669 1576 708 1630 ire
725 1574 847 1630 snas?
860 1570 901 1650 (v.
922 1574 1002 1650 339).
1022 1579 1127 1634 Manus
1144 1577 1231 1634 Statii
1246 1581 1402 1636 servatam
1457 1564 1458 1637 f

348 1673 403 1728 ΜΒ
418 1683 447 1727 et
466 1671 582 1727 duobus
596 1669 657 1726 aliis
671 1689 678 1724 ι
698 1671 794 1738 «Vos,
807 1687 857 1738 en,
870 1669 948 1726 huuc
961 1669 980 1725 i.
995 1690 1016 1726 s.
1026 1695 1039 1722 ι

389 1779 502 1834 Moenia
516 1781 596 1833 lassa
619 1777 675 1832 situ
697 1772 738 1854 (v.
755 1773 833 1851 357).
852 1775 1008 1832 Audacter.
1023 1778 1122 1846 Quare
1135 1776 1223 1832 multi
1241 1781 1403 1837 maluerunt

349 1875 457 1946 lapsa,
477 1880 511 1925 nt
530 1885 547 1924 s
568 1871 657 1945 Regg.
681 1879 709 1924 et
731 1885 743 1922 ι
761 1867 863 1924 Behot
886 1870 929 1925 cf.
945 1869 1071 1942 interpp.
1087 1869 1126 1924 ad
1144 1889 1171 1940 1,
1191 1869 1250 1927 331
1271 1893 1279 1926 ε
1300 1875 1402 1929 lusson

348 1976 478 2020 triantem.
499 1964 585 2032 Post,
598 1980 625 2016 v.
642 1959 716 2030 362,
736 1963 791 2015 ΜΒ
807 1980 814 2014 :
836 1975 960 2016 movetur
974 1957 1108 2039 (rabies);
1122 1957 1198 2018 idem
1215 1962 1294 2038 379,
1311 1985 1404 2042 (equor

348 2074 403 2131 pro
413 2073 536 2129 aequum.
546 2055 582 2108 ln
590 2071 671 2127 seqq.
687 2053 827 2109 Baoebam
839 2052 1040 2110 vaticinantem
1054 2054 1143 2125 sistit,
1157 2073 1324 2131 graecorurn
1336 2079 1402 2134 poe-

350 2160 444 2206 tarum
464 2146 651 2204 Cassandram
665 2145 800 2203 imitatus.

392 2244 494 2299 Verum
505 2241 678 2316 spirantibus
695 2242 771 2296 extis
793 2238 832 2318 (v.
855 2237 935 2318 iffi)-
952 2242 1000 2297 Pil
1019 2261 1028 2295 ε
1045 2243 1225 2298 samm.
1238 2245 1288 2302 De
1303 2265 1364 2322 qno
1377 2269 1398 2303 v.

348 2337 432 2410 plura
445 2353 492 2409 ap.
505 2338 660 2391 Bumuanu.
675 2333 717 2389 ad
733 2333 853 2390 Antbol.
871 2336 920 2390 lat.
929 2373 938 2400 ‚
955 2343 976 2388 t
993 2353 1021 2403 r,
1036 2351 1067 2408 p.
1084 2335 1141 2391 203
1156 2355 1201 2410 sq.

391 2444 461 2499 Tam
471 2443 586 2518 penitus
599 2443 694 2509 duroe,
704 2439 841 2519 quam(v.
855 2437 1399 2519 413).Distingnendumcnmllarthio:

349 2547 442 2608 «mm,
461 2536 577 2610 penitus
592 2534 671 2592 dum
691 2552 719 2611 q.
729 2560 760 2607 ,n
773 2546 804 2593 et
814 2535 999 2591 referendum
1012 2535 1050 2592 ad
1065 2538 1156 2593 limite
1169 2540 1294 2597 ela‘citos.
1310 2544 1345 2598 ln
1362 2543 1399 2597 lus

349 2628 589 2721 Webemsxmalit
603 2630 716 2697 lcim'rm
734 2629 787 2687 sed
799 2630 921 2685 alterum
933 2640 1010 2687 recte
1022 2639 1121 2703 potest
1136 2630 1266 2691 delendi.

391 2739 457 2791 Luc
469 2732 609 2791 obsistitis
622 2733 665 2809 (v.
677 2734 756 2811 431).
770 2734 916 2792 Meridies.

390 2844 504 2897 Actans
516 2840 618 2897 imbres
632 2838 670 2919 (v.
687 2838 768 2919 453).
783 2842 806 2897 t
822 2860 847 2897 e.
866 2843 921 2897 mel
938 2842 1069 2910 atticum,
1083 2841 1265 2917 hymettium.

392 2939 493 3011 Angue
505 2946 549 2991 ter
561 2954 680 2991 excusso
699 2932 738 3013 (v.
757 2932 837 3012 485).
852 2934 968 3009 Optime
982 2936 1037 2991 ΜΒ
1051 2955 1059 2990 :
1074 2936 1203 3005 incusso,
1221 2940 1396 3013 quodetiam

351 3029 483 3087 Barthius
495 3030 619 3103 praefert.
634 3028 726 3085 Etiam
742 3028 864 3103 praeced
876 3049 963 3085 versu
976 3048 1012 3085 ex
1025 3030 1129 3086 eodem
1141 3040 1171 3085 et
1184 3032 1220 3087 al.
1230 3034 1395 3107 legendum:

350 3124 502 3179 «cremina
514 3121 744 3197 Cadmi,rquod
756 3122 803 3178 hic
811 3122 971 3197 proprium.
986 3123 1052 3179 Vid.
1067 3124 1154 3179 multa
1167 3140 1214 3198 ap.
1229 3126 1394 3196 Burmann,

349 3216 468 3275 Antbol.
488 3220 560 3285 lab,
581 3226 601 3273 t.
618 3235 646 3288 ι,
664 3235 694 3291 p.
721 3215 776 3271 165
795 3234 839 3291 sq.
871 3230 874 3238 ’

397 3322 501 3391 Testor,
525 3323 582 3392 ait,
614 3322 689 3378 cliuoe
711 3319 752 3401 (v.
782 3318 859 3401 501).
882 3322 1003 3398 Insignis
1029 3322 1076 3378 bic
1095 3324 1217 3379 varietas
1239 3324 1395 3399 scriptum

350 3416 435 3473 codd.
454 3417 572 3473 sarm:
588 3417 646 3471 divi
652 3428 663 3485 “,·
685 3413 732 3472 alii
754 3434 779 3472 c.
796 3426 864 3471 vett.
887 3414 1067 3482 edd.·divor;
1086 3434 1097 3470 1
1115 3417 1215 3473 Rehot.
1237 3416 1269 3473 in
1282 3436 1369 3493 marg.
1388 3436 1395 3472 ε

350 3512 442 3579 Βίης
467 3530 480 3565 1
500 3513 586 3567 Taur.
604 3531 612 3567 ε
632 3530 741 3567 manes.
763 3510 811 3567 Ad
831 3529 891 3584 seq.
909 3528 938 3565 r.
958 3511 1134 3565 Laurens:
1155 3512 1251 3580 «Quae
1264 3510 1318 3588 [sic
1335 3511 1394 3567 md.

349 3602 424 3681 Pan]
439 3603 552 3661 sinistra
566 3622 653 3661 mann
669 3603 841 3675 funduntur,
860 3606 929 3659 laeva
944 3622 1045 3659 manus
1060 3602 1214 3660 infuderat
1234 3604 1339 3663 Inferis
1357 3605 1392 3662 si-

349 3696 438 3754 nistra
453 3716 541 3753 manu
560 3698 739 3755 immolamus
751 3700 890 3773 pocula.»

392 3804 453 3860 Ora
466 3806 547 3880 sequi
557 3818 608 3861 aut
626 3826 722 3881 oegtns
741 3804 779 3881 (v.
796 3803 876 3881 511).
897 3807 964 3860 Duo
979 3804 1062 3880 Regii
1078 3826 1084 3859 :
1100 3817 1185 3879 atque
1206 3824 1278 3881 oegr.
1288 3848 1299 3875 ,
1319 3807 1393 3881 quod

350 3909 378 3954 et
393 3897 422 3953 in
436 3897 497 3954 aliis
510 3897 658 3954 codicibus
673 3910 783 3955 exstare
796 3908 824 3953 et
838 3898 1047 3955 restituendum
1061 3917 1119 3955 esse
1139 3899 1274 3955 arbitror.
1288 3900 1393 3956 Deinde

352 3990 408 4048 513
437 3992 491 4047 ΜΒ
518 4009 525 4044 :
552 3992 701 4065 Spernite,
731 3993 774 4061 io,
802 4011 918 4060 moneo,
945 3984 1048 4066 «qdod
1076 3992 1192 4048 minime
1215 3993 1392 4049 librariorum

351 4100 428 4141 estu
452 4087 562 4141 Bsnrn.
587 4084 668 4141 Idem
696 4106 723 4141 v.
753 4084 808 4142 516
834 4106 840 4139 :
869 4083 1026 4157 nesamlum
1058 4100 1109 4142 est.
1139 4086 1252 4142 Ibidem
1282 4090 1391 4163 triplices
