2934 4950
303 381 359 448 '22
684 398 714 450 r.
736 395 859 452 runnu
879 393 1001 449 srarn
1280 405 1309 454 ‹v-
1322 405 1364 454 wo

322 513 469 612 Plectra)
486 541 546 586 nec
562 518 686 587 Aonias
701 516 829 587 decima'
845 542 922 587 cum
938 514 1073 585 Pallade
1089 515 1198 601 divas,

324 639 393 706 Aut
409 637 523 706 mitem
539 639 669 732 Tegeae,
681 621 842 707 Dircesve
856 636 1018 706 hortabor
1030 634 1218 721 alumnum3

324 759 399 850 Ipse
413 758 505 844 veni,
520 757 673 851 viresque
689 782 791 826 novas
807 757 1022 850 animumque
1037 756 1203 842 ministra,

326 876 396 981 Qui
410 878 538 945 ceneris
558 902 566 945 ε
588 876 704 946 dextro
723 901 786 946 nec
804 877 894 945 enim
913 878 984 944 sine
1002 875 1141 944 numine
1160 886 1271 942 tantus

327 997 483 1065 Ausonia
502 995 621 1069 decora
640 994 751 1092 ampla
771 1010 870 1092 togae,
887 1009 1087 1089 centumque
1106 994 1225 1063 dedisti

327 1114 495 1185 Judicium
514 1133 725 1211 mentemque
745 1119 833 1186 viris.
853 1118 948 1186 Licet
966 1115 1087 1184 enthea
1104 1115 1190 1183 vetis

327 1233 489 1332 Excludat
508 1236 658 1331 Pimplea
677 1238 786 1322 sitim,
807 1261 867 1306 nec
886 1238 1017 1306 conscia
1036 1235 1134 1304 detur

327 1355 463 1441 Pirene,
483 1353 592 1451 largos
611 1358 721 1450 potior
740 1357 823 1425 mihi
842 1381 962 1452 gurges
982 1357 1017 1424 in
1038 1356 1175 1423 haustus

328 1475 396 1562 Qui
416 1477 546 1568 rapitur
565 1475 606 1544 de
626 1476 716 1544 fonte
737 1489 796 1545 tuo
816 1502 823 1544 :
845 1501 904 1545 seu
922 1473 1021 1571 plana
1041 1473 1157 1542 solutis

329 1586 445 1683 Quum
464 1594 564 1663 struis
583 1617 659 1664 orsa
678 1594 801 1682 modis,
817 1619 876 1665 seu
893 1620 998 1689 quum
1016 1594 1075 1663 tibi
1092 1590 1198 1662 dulcis
1213 1594 1248 1659 in
1263 1605 1368 1660 artem

329 1715 520 1809 Frangitur,
539 1728 573 1782 et
591 1729 720 1784 nostras
740 1729 834 1784 curat
853 1714 1007 1784 facundia
1028 1713 1124 1809 leges.

381 1835 495 1922 Quare
515 1858 592 1928 age,
611 1835 649 1903 si'
657 1819 770 1902 Cereri
788 1859 847 1906 sua
867 1835 969 1921 dona,
989 1855 1184 1926 merumque
1203 1834 1303 1926 Lyaeo

330 1952 527 2042 Reddimus,
548 1967 582 2023 et
601 1953 691 2024 dives
708 1953 846 2049 praedae,
865 1968 975 2024 tamen
996 1954 1115 2047 accipit
1133 1952 1225 2022 omni

331 2074 474 2142 Exuvias
495 2075 605 2142 Diana
623 2073 732 2163 tholo,
752 2075 947 2168 captivaque
966 2071 1032 2144 tela

331 2189 547 2287 Bellipotens3
567 2218 628 2264 nec
648 2209 698 2282 tu,
717 2194 852 2290 quando
872 2194 948 2282 tibi,
967 2190 1109 2280 Gallice,
1129 2194 1234 2286 majus

332 2309 532 2406 Eloquium,
552 2313 709 2410 fandique
729 2316 848 2411 opibus
868 2312 1016 2386 sublimis
1037 2312 1206 2399 abundas,

332 2434 459 2527 Sperne
479 2432 543 2504 coli
564 2436 713 2506 tenuiore
730 2434 812 2530 lyra
832 2437 927 2531 Vaga
945 2435 1090 2531 cingitur
1109 2433 1205 2503 astris

272 2548 274 2553 ’
333 2553 446 2641 Luna,
465 2568 499 2623 et
518 2556 553 2622 in
573 2580 735 2626 oceanum
755 2558 818 2626 rivi
837 2556 984 2626 cecidere
1003 2556 1157 2626 minores.

381 2674 467 2763 Quae
486 2674 546 2742 tibi
566 2673 725 2746 sollicitus
746 2676 904 2771 persolvit
924 2678 1058 2770 praemia
1078 2699 1210 2744 morum

334 2792 437 2861 Urbis
454 2793 568 2863 amor?
588 2820 660 2890 quae
679 2811 752 2865 tum
773 2811 972 2889 patrumque
992 2796 1208 2888 equitumque
1228 2793 1341 2862 notavi

334 2913 494 2999 Lumina,
515 2926 548 2981 et
567 2915 688 3009 ignarae
708 2912 814 3009 plebis
834 2914 945 3010 lugere
963 2886 1140 3007 poteirtes?

335 3031 412 3101 Non
433 3030 563 3102 labente
580 3034 690 3103 Numa
709 3035 821 3104 timuit
842 3035 888 3103 sic
906 3035 999 3103 curia
1019 3031 1113 3118 felix,

334 3152 494 3245 Pompeio
513 3176 574 3221 nec
591 3148 697 3221 celsus
717 3175 831 3245 eques,
852 3178 914 3223 neo
931 3152 1055 3221 semina
1074 3156 1188 3222 Bruto.

337 3275 409 3341 Hoc
426 3268 525 3356 illud,
544 3273 652 3342 tristes
671 3272 814 3341 invitum
831 3273 947 3341 audire
966 3287 1113 3359 catenas,

337 3393 476 3460 Parcere
494 3391 701 3478 verberibus,
721 3416 784 3461 nec
802 3418 867 3487 qua
882 3392 977 3488 jubet
996 3392 1063 3462 alta
1080 3405 1225 3487 potestas

337 3513 405 3599 Ire,
424 3510 482 3579 sed
502 3526 644 3581 armatas
665 3510 809 3581 multum
827 3514 889 3583 sibi
910 3511 1042 3582 demere
1062 3514 1168 3599 vires,

337 3632 543 3725 Dignarique
562 3657 680 3703 manus
700 3631 860 3720 humiles,
878 3646 913 3702 et
928 3633 1031 3703 verba
1051 3645 1268 3727 precantum

231 3785 234 3795 =
338 3749 490 3821 Reddere
507 3754 583 3846 jura
601 3752 688 3839 foro,
706 3779 769 3823 nec
787 3754 984 3848 proturbare
1004 3751 1151 3840 curules,

339 3874 381 3941 Et
399 3871 523 3941 ferrum
544 3871 688 3943 mulcere
707 3889 793 3969 toga.
813 3875 866 3944 Sic
885 3876 954 3943 itur
970 3876 1006 3943 in
1024 3872 1089 3942 alta

340 3996 492 4081 Pectora,
512 3996 558 4063 sic
577 3996 681 4065 mixto
700 3996 887 4065 reverentia
905 4020 939 4065 se
959 3994 1015 4064 dat
1036 3995 1151 4063 amori.
