2934 4950
317 409 370 478 abl,
630 404 843 462 THEBAIDOS
863 403 973 462 LIBER
993 402 1030 457 Χ.
1250 399 1360 466 (mat.)
1433 444 1434 447 ,

314 540 377 605 Per
392 559 547 605 somnum
560 533 705 620 Thebas,
720 545 752 600 et
768 529 1012 600 Thiodamanta
1027 527 1170 597 videbat.

362 657 493 745 Quarta
511 652 703 750 soporiferae
724 651 931 746 superabant
946 665 1098 744 tempora
1115 651 1229 736 nocti,

313 779 430 867 Quum
450 800 561 846 vacuae
580 774 701 862 nubes,
718 788 752 842 et
765 773 876 842 honor
892 796 961 840 non
979 770 1134 841 omnibus
1150 771 1269 858 astris,

269 969 272 974 ,
313 897 522 992 hlllatusque
541 895 626 991 fugit
643 920 745 964 curru
761 896 888 988 majore
907 897 1039 962 Bootesss

312 1021 455 1112 Jamque
473 1018 584 1113 ipsum
604 1015 723 1086 defecit
743 1039 844 1110 opus,
864 1033 969 1108 quum
989 1011 1150 1108 providus
1171 1016 1276 1083 Actor

312 1138 558 1209 Thiodamanta
579 1153 676 1208 vocat
696 1162 703 1205 :
724 1138 839 1207 «Satis
858 1136 928 1206 haec
947 1131 1253 1232 inopinaPelasgis

313 1258 471 1330 Gaudia:
492 1261 547 1328 vix
565 1256 653 1328 ullos
674 1272 767 1328 tanto
785 1248 862 1327 reor
882 1259 1016 1356 agmine
1034 1274 1156 1327 saram

312 1381 477 1476 Effugisse
496 1406 631 1468 necem,
650 1383 683 1450 ni
704 1404 788 1475 quos
806 1371 966 1450 deformis
986 1382 1021 1447 in
1040 1375 1109 1448 alto

313 1504 486 1598 Sanguine
500 1502 680 1598 degeneres
699 1501 847 1573 occultat
861 1503 931 1571 vita
951 1526 959 1568 τ
980 1499 1134 1570 secundis

310 1627 403 1693 Pone
420 1622 558 1693 modum
578 1649 585 1691 :
608 1640 737 1694 suntet
754 1624 837 1702 diris
853 1647 915 1693 sua
932 1623 1073 1692 numina
1090 1622 1225 1692 Thebis.

311 1747 465 1816 Forsitan
483 1760 517 1816 et
535 1746 632 1816 nobis
651 1746 753 1814 modo
766 1769 841 1840 quse
858 1745 985 1832 lavere,
1004 1743 1173 1812 recedunt.
1193 1774 1212 1808 a

361 1869 495 1958 Paruit,
516 1882 550 1936 et
569 1867 718 1938 madidas
737 1855 856 1938 tollens
875 1867 916 1936 ad
937 1865 1046 1942 sidera
1066 1865 1194 1962 palmas
1217 1895 1225 1934 ε

312 2019 329 2052 «
345 1987 483 2077 Phoebe,
505 1988 563 2056 tihi
584 1991 719 2068 exuvias
737 2003 930 2059 monstratae
950 1989 1089 2082 praemia
1107 1990 1237 2076 noctis,

312 2111 472 2182 Nondum
491 2109 625 2180 ablutus
644 2114 757 2206 aquis,
775 2113 836 2181 tibi
856 2116 947 2182 enim
966 2113 1122 2211 haecego
1138 2135 1235 2181 sacra
1253 2111 1343 2182 litavi
1352 2165 1360 2197 ,

311 2230 424 2303 Trado
444 2232 533 2303 serus
553 2232 648 2302 miles
666 2232 859 2328 tripodum,
878 2233 1031 2330 fidusque
1044 2233 1216 2322 sacerdos.

312 2358 347 2427 Si
366 2381 435 2425 nou
454 2355 594 2427 dedecui
611 2372 670 2427 tua
685 2347 794 2452 jussa,
812 2356 943 2452 tulique
959 2337 1182 2453 prementem,

314 2480 408 2573 Saepe
423 2481 522 2549 veni:
542 2503 629 2574 saepe
646 2480 732 2549 hanc
750 2470 893 2576 dignare*
908 2482 1096 2574 irrumpere
1114 2494 1276 2550 mentem.

313 2602 344 2669 N
347 2624 413 2670 unc
424 2601 483 2670 tibi
495 2600 617 2671 crudus
627 2602 751 2691 honos,
764 2616 883 2670 trunca
893 2612 1004 2693 artua,
1014 2626 1182 2697 cruorque
1193 2604 1359 2671 virorum:

312 2724 358 2793 At
377 2725 502 2816 patrias
519 2726 546 2793 si
566 2724 702 2818 quando
720 2724 856 2812 domos,
877 2724 1073 2818 op'tataque,
1091 2726 1209 2812 Paean,

313 2842 469 2939 Templa,
489 2845 606 2939 Lycia,
624 2844 732 2931 dabis,
752 2861 804 2915 tot
820 2844 904 2913 ditia
922 2844 1010 2915 dona
1029 2846 1168 2914 sacratis

313 2964 485 3053 Postibus,
505 2980 538 3035 et
557 2964 697 3035 totidem
719 2969 789 3036 voti
806 2990 937 3035 memor
956 2968 1051 3062 exige
1068 2982 1192 3037 tauma.
1213 2999 1232 3033 a

364 3086 523 3175 Dixerat,
541 3102 574 3155 et
592 3086 674 3157 laetis
690 3089 797 3157 socios
814 3088 994 3157 revocabat
1012 3088 1055 3157 ab
1072 3089 1184 3157 armis.

313 3209 461 3276 Venerat
479 3207 541 3277 hos
558 3209 646 3277 inter
664 3208 733 3279 fato
753 3208 959 3305 Calydonius
975 3201 1152 3304 Hopleus:

313 3327 554 3425 Maenaliusque
572 3334 719 3426 Dymas,
740 3329 853 3401 dilecti
874 3332 1009 3427 regibus
1030 3334 1149 3432 ambo,

312 3453 443 3545 Regum
462 3452 562 3522 ambo
582 3455 734 3542 comites,
756 3478 902 3548 quorum
920 3468 997 3549 post
1017 3453 1136 3524 funera
1156 3454 1265 3523 moesti
1294 3536 1299 3549 .

311 3571 427 3639 Vitam
444 3572 664 3668 indignantur
683 3600 690 3642 :
709 3576 804 3670 prior
820 3574 951 3645 Arcada
971 3578 1118 3645 concitat
1135 3574 1286 3671 Hopleus
1304 3602 1312 3643 ε

312 3692 494 3765 «Nullane
514 3712 589 3792 post
609 3722 722 3767 manes
742 3697 830 3793 regis
848 3698 908 3767 tibi
928 3724 1007 3785 cura
1024 3700 1185 3793 peremti,

313 3820 398 3887 Care
415 3818 546 3912 Dyma?
568 3835 701 3889 teneant
716 3845 821 3915 ¹quem
836 3822 908 3915 jam
927 3798 1072 3908 fortasse.
1086 3819 1240 3892 volucres

312 3938 529 4034 Thebanique
548 3966 648 4010 canes
668 3968 675 4010 :
696 3943 813 4038 patriae
832 3943 912 4037 quid
932 3942 1052 4030 deinde
1072 3944 1202 4029 feretis,

312 4060 478 4131 Arcades?
497 4088 539 4131 en
554 4062 698 4147 reduces
717 4080 837 4134 contra
858 4066 951 4134 venit
969 4090 1086 4159 aspera
1102 4079 1209 4136 mater
1228 4093 1237 4136 :
