2934 4950
313 437 370 504 246
682 438 983 496 honoratiores

353 557 429 612 Hinc
441 557 522 612 obvia
535 553 575 636 (v.
592 573 630 612 ιι
643 553 729 635 sqq).
744 556 907 631 Respicitnr
921 554 959 611 ad
975 555 1006 612 C.
1024 552 1130 612 Iulium
1140 553 1292 624 mrem,
1304 554 1361 628 pri-

311 667 391 704 mum
403 647 605 723 imperatorem
618 649 695 706 inter
700 649 792 705 Divos
801 649 922 706 relatum
935 669 942 705 :
957 646 1039 720 cujus
1055 648 1193 720 templum
1206 645 1293 702 sitnm
1303 657 1362 702 erat

311 761 328 798 e
349 739 468 818 regione
488 753 603 815 statnae3
620 743 658 798 ab
674 745 763 799 latere
787 742 850 815 ejus
868 741 1059 798 cernebantur
1080 751 1153 795 tecta
1175 741 1271 807 fulch,
1297 741 1316 795 i.
1339 759 1361 795 e.

312 833 429 890 basilica
442 833 533 907 Julia,
547 835 579 890 in
590 835 668 891 Foro
685 853 808 891 romano
821 834 929 909 posita;
945 833 982 890 ab
1002 835 1093 889 altero
1111 831 1242 906 porticus
1257 832 1362 898 Pauli,

312 926 349 983 ab
362 925 477 982 AEanilio
493 927 606 1002 Lepido
616 929 706 984 Paulo
719 927 847 1002 propriis
863 924 998 1001 impensis
1012 925 1104 997 lacta,
1119 934 1186 1000 post
1198 923 1363 980 incendium

312 1017 349 1074 ab
368 1019 500 1094 Augusto
513 1019 652 1075 restituta.
671 1019 842 1076 Concordiae
854 1018 981 1093 denique
998 1028 1091 1074 statua
1108 1017 1157 1073 vix
1173 1016 1298 1073 dubium
1311 1027 1364 1088 est,

311 1109 384 1186 quin
396 1109 492 1186 posita
498 1111 586 1168 fuerit
594 1112 633 1169 ad
639 1115 785 1187 porticum
793 1111 976 1184 Concordia,
985 1111 1015 1168 in
1022 1111 1071 1168 illa
1079 1111 1167 1168 Urbis
1174 1119 1258 1185 parte
1270 1129 1365 1184 prope

312 1201 417 1258 clivum
424 1203 611 1278 capitolinum
628 1204 990 1262 emunctamhccuratius
1009 1204 1045 1260 de
1059 1203 1102 1260 his
1120 1213 1149 1259 et
1163 1202 1201 1258 de
1218 1220 1291 1259 arcu
1303 1205 1365 1260 Ve-

311 1293 450 1368 spasiani,
467 1295 519 1370 qui
536 1296 638 1372 etipse
657 1316 719 1357 non
729 1299 835 1372 procul
850 1297 964 1368 aberat,
979 1281 1108 1372 querant
1130 1293 1235 1370 quibus
1252 1294 1366 1352 descri-

310 1387 425 1461 ptiones
439 1388 527 1446 Urbis
542 1400 573 1446 et
588 1391 643 1447 alia
655 1391 783 1448 subsidia
797 1391 835 1448 ad
845 1405 946 1446 manns
959 1401 1035 1448 sunt.

309 1505 332 1535 .·
352 1481 390 1535 In
412 1475 489 1557 leges
506 1483 561 1538 iret
579 1500 682 1557 gener,
696 1494 726 1540 et
745 1483 814 1541 Cato
834 1483 936 1540 εαιτνὶι
962 1479 1001 1562 (r.
1023 1481 1085 1562 ιθ).
1111 1481 1302 1539 Memoranda
1324 1493 1367 1538 est

310 1572 505 1630 Wernsdorfii
518 1575 670 1650 explicatio
694 1577 732 1635 ad
745 1578 831 1635 ablat.
858 1576 961 1633 castris
981 1594 1018 1632 ex
1036 1577 1090 1632 iret
1116 1575 1257 1633 elicientis
1277 1576 1367 1631 deee-

310 1666 399 1722 deret.

353 1758 524 1836 Contempta}
536 1773 658 1839 surgant
669 1762 797 1838 pallatio
803 1761 937 1838 stammr't
950 1759 989 1842 (v.
1005 1760 1063 1844 34).
1082 1765 1116 1820 Ῑιι
1131 1764 1214 1822 bellis
1232 1763 1367 1820 civilibus

310 1862 341 1909 et
355 1851 410 1908 sub
431 1853 609 1926 Vespasiano
628 1854 819 1929 Capitolium,
839 1854 989 1912 Pallatium
1008 1865 1038 1911 et
1054 1858 1201 1930 permulta
1216 1856 1293 1912 edes
1309 1875 1367 1930 pu-

310 1944 391 2001 blice
404 1945 539 2003 incendio
549 1958 689 2022 correpta
704 1957 787 2005 erant
801 1967 809 2004 :
822 1966 889 2022 pars
898 1965 996 2004 earum
1007 1947 1044 2004 ab
1058 1947 1122 2022 ipso
1134 1949 1304 2006 Domitiano
1319 1969 1368 2005 re-

311 2035 424 2108 stituta,
441 2038 599 2112 presertim
608 2040 798 2114 Capitolium,
811 2040 865 2098 sub
874 2041 941 2096 Tito
955 2052 1054 2096 rursus
1067 2051 1207 2098 exustum.
1221 2041 1265 2098 Cf.
1280 2040 1366 2114 infra,

309 2147 359 2201 vr,
375 2147 441 2188 roa.
456 2131 545 2203 Quod
557 2131 654 2208 ipsum
667 2151 705 2189 an
718 2133 747 2190 h.
762 2136 781 2190 l.
797 2123 1015 2212 intelligendum
1027 2132 1076 2206 sit,
1088 2132 1215 2191 dubitari
1227 2135 1319 2191 debet
1329 2135 1367 2192 ob

309 2241 373 2279 voc.
389 2237 578 2300 prospectare
602 2235 632 2283 et
655 2227 830 2284 mentionem
847 2227 952 2300 Vestae,
973 2227 1055 2301 cujus
1079 2227 1217 2304 templum
1234 2229 1367 2303 palatino

309 2316 403 2374 monti
417 2317 540 2393 propius
557 2318 716 2393 adjacebat
733 2323 869 2378 Ceterum
883 2321 919 2379 cl.
934 2320 1025 2393 infra,
1045 2339 1099 2393 111,
1117 2329 1148 2393 4,
1164 2335 1191 2378 v.
1209 2329 1245 2394 47
1257 2341 1328 2398 sqq.

350 2411 546 2469 Admstoeur...
562 2415 653 2469 Arion
673 2408 715 2493 (v.
732 2411 791 2495 52).
807 2415 923 2472 Adrasti
936 2430 1043 2491 equus,
1059 2410 1096 2471 de
1117 2431 1178 2491 quo
1198 2415 1284 2472 rtet.
1292 2457 1303 2487 ‚
1322 2437 1367 2491 vr,

311 2506 367 2563 ³01
389 2522 469 2587 sqq,
495 2515 524 2562 et
540 2506 766 2585 Schellenbergii
779 2508 956 2577 Aritimaeh„
974 2528 1004 2584 p.
1026 2507 1065 2565 65
1090 2528 1155 2585 sqq.
1175 2540 1216 2552 —
1233 2510 1366 2584 Cythno

310 2617 375 2654 oum
389 2598 524 2672 Xantho,
536 2601 745 2659 Dioscurornm
760 2602 829 2678 equi
845 2623 853 2658 ε
867 2602 973 2661 Noster
987 2604 1132 2680 Cyllarum
1150 2603 1306 2679 utriusque
1319 2624 1367 2661 so-

309 2691 370 2747 lum
383 2679 462 2749 dicit
477 2692 536 2751 Sed
547 2694 742 2771 mythologica
757 2696 817 2752 baec
833 2696 865 2751 in
877 2708 978 2754 nostro
991 2704 1079 2771 poeta
1090 2696 1175 2753 nimis
1182 2698 1273 2753 multa
1283 2710 1366 2770 sunt,

310 2794 439 2858 quamam
449 2784 481 2841 in
492 2785 630 2844 brevibus
643 2788 806 2844 biscenotis
821 2788 932 2864 possint
945 2788 1090 2863 explicari.
1105 2792 1202 2863 Quare
1220 2789 1365 2862 ejusnodi

309 2894 355 2933 res
373 2876 574 2953 inposterum
597 2880 769 2953 omittimus,
792 2880 849 2937 nisi
875 2880 950 2939 forte
970 2880 1023 2939 ubi
1044 2881 1139 2955 major
1158 2881 1261 2938 incidit
1285 2882 1366 2941 diffi-

310 2968 407 3027 oidtes.

350 3062 388 3139 (v.
404 3059 466 3140 64.)
478 3064 514 3120 In
529 3064 660 3122 hocloco
672 3064 828 3141 impedito,
845 3064 896 3141 qni
910 3066 970 3123 fere
984 3066 1022 3123 ad
1030 3066 1112 3124 Mss.
1128 3067 1304 3142 scripturam
1314 3088 1362 3126 ex-

308 3172 423 3229 pressus
445 3164 509 3227 eet,
527 3157 612 3235 longe
630 3158 788 3232 plurimum
811 3158 916 3234 speciei
933 3158 1021 3215 habet
1039 3153 1145 3216 Handii
1167 3158 1364 3232 conjectura:

263 3321 266 3325 ι
310 3246 443 3320 «Strepit
455 3247 546 3304 ardua
564 3250 651 3324 pulsu
671 3250 820 3324 Machina3
842 3250 996 3329 continuus
1015 3250 1066 3325 (sic
1085 3253 1167 3309 MSS.
1187 3250 1300 3333 omnes)
1316 3274 1363 3310 se-

308 3348 388 3413 ptem
400 3341 586 3414 perculmina
598 3345 671 3399 ooelo
684 3344 712 3399 lt
726 3344 856 3421 fragor.»
869 3346 976 3401 Glossae
988 3345 1064 3402 enim
1078 3344 1197 3421 qnando
1208 3354 1363 3421 poetarum

308 3448 408 3487 versus
427 3432 605 3506 invaserant,
619 3434 657 3492 ad
670 3434 855 3515 refingendos
867 3438 1017 3514 rhythmos
1030 3456 1092 3495 non
1106 3436 1213 3495 raroin
1231 3440 1363 3495 exsilium

308 3524 448 3601 agebatur
465 3526 613 3604 indigena,
628 3528 770 3587 civitatem
793 3527 943 3589 obtinebat
962 3533 1083 3590 verbnm
1101 3532 1297 3610 peregrinum.
1316 3534 1362 3590 Sic

309 3616 434 3691 optimus
448 3619 578 3696 alioquin
592 3622 686 3679 codex
698 3624 830 3699 Horatii,
847 3643 907 3701 quo
921 3624 1047 3684 editores
1063 3626 1195 3683 nondum
1210 3626 1257 3683 nsi
1278 3640 1362 3697 sunt,

311 3709 372 3766 Sat.
381 3730 408 3783 ι,
425 3730 475 3784 ιο,
493 3713 546 3785 38,
561 3738 574 3765 ι
582 3714 680 3789 judice
690 3734 809 3773 coram»
822 3718 932 3791 prebet
939 3736 995 3794 pro
1009 3744 1021 3771 α
1029 3719 1127 3792 judice
1136 3721 1241 3794 Tarpa.
1253 3744 1267 3771 ι
1281 3722 1319 3776 Ει
1333 3720 1361 3775 in

307 3810 409 3859 nostro
424 3805 491 3860 loeo
507 3819 688 3881 precesserat
703 3827 729 3864 v.
748 3808 807 3885 59:
824 3810 968 3867 «culmina
981 3812 1097 3868 montis.
1113 3835 1127 3863 ι

347 3896 421 3953 loci
432 3910 523 3955 custos
544 3900 582 3977 (ν.
601 3901 666 3981 66).
682 3903 799 3960 Curtius
817 3903 893 3961 inter
906 3904 997 3961 Divos
1012 3906 1131 3977 relatus,
1154 3924 1261 3963 numen
1280 3907 1360 3962 lacus

310 3989 400 4045 Curtii
408 3990 455 4047 siti
467 3990 581 4050 inForo
589 4013 682 4069 prope
695 4015 812 4071 equum.
822 3996 896 4053 Vide
903 4000 1088 4073 Vennon.,p.
1098 3996 1146 4069 ab,
1155 3998 1200 4056 ed.
1210 3998 1359 4069 Gothosn,

309 4093 337 4137 et
353 4082 477 4159 interpp.
492 4086 581 4159 Festi,
596 4108 617 4144 s.
637 4108 664 4142 r.
684 4088 794 4145 Curtius
809 4092 897 4147 lacus.
