2934 4950
64 435 131 488 (aaa.)
384 420 577 476 suvauum
595 421 704 478 LIBER
725 421 762 477 11,
1056 424 1091 494 37

64 543 107 614 llil
122 545 209 612 reris
228 541 353 638 affingo
368 533 476 613 bonis.
494 546 562 614 Ubi
580 544 684 615 lactea
701 544 802 633 colla,

63 665 271 759 brachiaque,
287 679 321 733 et
337 690 509 760 nunquam
527 666 654 735 domini
673 668 744 736 sine
760 666 908 761 pondere
924 667 1054 735 cervix?

63 785 151 852 Oubi
167 800 322 854 venturae
342 811 416 880 spes
433 813 500 856 non
517 786 702 882 longinqua
714 789 874 880 juventae,

62 913 156 998 Atque
172 908 271 1000 genis
288 921 422 1001 optatus
439 908 560 994 honos,
575 909 752 1002 jurataque
768 907 911 976 multum

61 1025 153 1094 Barba
170 1025 256 1094 tibi?
273 1041 395 1096 cuneta
412 1027 447 1095 in
463 1028 591 1099 cineres
607 1029 717 1122 gravis
734 1027 848 1096 intulit
865 1029 962 1116 hora,

61 1144 252 1240 Hostilisque
270 1146 340 1216 dies
358 1173 366 1214 τ
385 1148 481 1217 nobis
498 1149 686 1217 meminisse
704 1147 865 1218 relictum.

97 1266 178 1354 Quis
195 1279 258 1338 tua
274 1265 448 1361 colloquiis
463 1266 579 1336 hilaris
597 1267 756 1338 mulcebit
771 1273 889 1340 amatis

61 1383 204 1453 Pectora?
223 1387 298 1478 quis
316 1412 426 1474 curas,
443 1389 630 1481 mentisque
647 1413 767 1457 arcana
785 1387 952 1459 remittet?

62 1509 237 1574 lcoensum
255 1507 330 1598 quis
346 1506 412 1576 bile
428 1507 513 1595 sera,
528 1506 727 1602 famulisque
745 1523 928 1579 tumentem

61 1625 178 1714 leniet,
196 1625 398 1720 ardentique
415 1627 450 1696 in
466 1652 500 1696 se
516 1627 668 1698 deflectet
683 1629 724 1696 ab
741 1628 815 1697 ira?

62 1747 199 1839 lnceptas
218 1747 294 1840 quis
311 1747 352 1814 ab
372 1751 431 1815 ore
449 1746 567 1841 dapes,
587 1745 755 1842 libataque
772 1749 850 1817 vina

62 1865 199 1954 Auferet,
220 1881 255 1936 et
275 1865 365 1936 dulci
383 1867 530 1938 turbabit
549 1881 669 1936 cuncta
685 1868 825 1962 rapina?

63 1986 132 2072 Quis
148 1989 333 2056 matutinos
352 1988 529 2083 abrumpet
545 2013 717 2057 murmure
733 2015 866 2060 somnos

62 2108 225 2199 Inpositus
243 2109 372 2197 stratis,
388 2109 561 2203 abitusque
576 2110 762 2179 morabitur
778 2112 876 2180 arctis

64 2227 211 2316 Naribus,
228 2252 317 2322 aque
332 2231 405 2323 ipso
422 2230 590 2298 revocabit
605 2229 647 2297 ad
663 2229 775 2299 oscula
792 2231 913 2325 poste?

64 2346 175 2416 Obvius
191 2350 336 2417 intranti
353 2373 467 2417 rursus
484 2350 558 2442 quis
574 2350 609 2416 in
627 2376 701 2438 ora,
721 2375 905 2444 manusque

66 2467 216 2557 prosiliet,
232 2469 457 2565 brevibusque
473 2469 631 2539 humeros
647 2470 865 2541 circumdabit
883 2470 995 2541 ulnis?

63 2588 144 2658 lluta
160 2590 283 2659 domus
300 2588 641 2685 pariter'desolatique
656 2605 807 2685 penates,

67 2710 97 2776 Et
112 2712 189 2779 situs
207 2713 244 2779 in
263 2708 432 2797 thalamis,
451 2724 484 2779 et
499 2724 615 2793 maesta
631 2710 763 2780 silentia
780 2712 912 2779 mensis.

102 2829 189 2919 Quid
206 2832 348 2915 mirum,
365 2844 457 2899 tanto
473 2831 501 2899 si
519 2843 551 2899 te
568 2832 643 2925 pius
663 2828 752 2900 altor
767 2832 911 2901 honorat
966 2852 970 2859 ’

62 2949 201 3019 Funere?
216 2954 270 3020 Tu
291 2951 427 3020 domino
444 2952 589 3045 requies,
607 2966 789 3046 portusque
804 2966 962 3037 senectoe3

66 3070 103 3136 lu
120 3071 219 3142 modo
237 3071 378 3161 deliciae,
396 3070 508 3141 dulces
525 3072 626 3142 modo
643 3086 777 3167 pectore
793 3098 888 3142 curae.

64 3188 128 3258 Non
149 3206 181 3260 te
196 3191 377 3262 barbaricae
394 3193 546 3263 versabat
563 3192 661 3262 turbo
679 3206 829 3279 catastae,

62 3309 122 3399 Nec
137 3315 261 3381 mixtus
280 3312 409 3382 Phariis
425 3312 552 3382 venalis
570 3314 736 3383 mercibus
753 3313 877 3400 infans,

61 3430 328 3525 Compositosque
345 3430 442 3520 sales,
459 3432 683 3528 meditataque
699 3434 801 3502 verba
817 3431 947 3503 locutus

63 3549 205 3637 Quaesisti
222 3550 363 3621 lascivus
381 3551 514 3640 herum,
534 3553 693 3647 tardeque
711 3554 851 3647 parasti,

62 3668 139 3741 Hinc
157 3669 290 3758 domus,
308 3671 387 3741 hinc
403 3684 512 3759 ortus;
531 3672 724 3766 dominique
739 3673 914 3767 penatibus
930 3670 1012 3741 olim

62 3788 159 3859 Canis
175 3804 313 3885 uterque
330 3768 465 3885 parens,
482 3807 581 3886 atque
598 3794 707 3862 intua
723 3793 844 3888 gaudia
861 3792 959 3879 liber,

62 3908 107 3977 Ne
122 3934 295 4003 quererere
312 3937 435 4007 genus,
454 3927 585 4008 raptum
603 3928 635 3983 te
651 3916 803 4008 protinus
821 3912 898 3983 alvo

63 4028 190 4099 Sustulit
205 4032 389 4121 exsultans,
406 4058 444 4103 ac
460 4035 567 4128 prima
584 4033 694 4103 lucida
712 4060 792 4103 voce
