2934 4950
354 383 410 455 178
599 394 603 410 ·
669 384 887 441 mannos
910 383 1020 442 unna
1042 383 1065 454 ιΙΙ
1283 383 1382 444 (ean

352 508 513 603 Conjugis
529 531 587 579 ara
603 522 689 596 ωε,
705 507 842 579 cumulo
858 533 919 578 cur
937 508 1045 576 thuris
1060 511 1122 578 Eoi

351 633 442 698 Laeta
459 628 568 702 calet2
586 628 710 700 Melius
729 629 816 701 votis
832 629 1016 698 Mareotica
1034 627 1140 698 firmat

355 752 501 844 Coptos,
518 764 553 819 et
567 750 700 820 erisoni
719 749 868 844 lugentia
886 747 1026 822 flumina
1043 745 1122 820 Nili.
1212 785 1228 792 -

401 870 535 960 «Quod
549 872 578 940 si
592 871 701 967 prisca
717 869 819 944 luunt
834 885 1012 942 auctorum
1026 871 1167 944 crimina
1183 885 1314 967 gentes,

352 994 580 1088 subvenitque
599 993 666 1064 tuis
686 1017 760 1064 sera
777 992 853 1066 bme
868 993 1031 1062 sententia
1047 992 1155 1079 curis,

351 1118 550 1187 Percensene
565 1119 627 1187 aeri
645 1118 776 1188 senium
794 1139 887 1210 :quo¹
902 1090 1053 1210 tempore
1073 1112 1209 1188 tandem

350 1239 530 1307 Terrarum
548 1237 653 1309 furias
667 1237 820 1327 abolere,
836 1252 871 1308 et
891 1234 1011 1316 sarcula
1027 1250 1118 1306 retro

350 1357 535 1428 Emendare
555 1374 606 1429 sat
620 1359 692 1430 est?
707 1357 907 1454 jamdudum
927 1357 970 1428 ab
989 1354 1124 1430 sedibus
1142 1354 1205 1426 illis

351 1481 481 1574 Incipe,
498 1480 675 1578 fluctivaga
695 1487 762 1575 qua
783 1478 1029 1576 praeterlabitur
1047 1478 1139 1550 unda

351 1601 488 1672 Sicanos
505 1600 605 1698 longe
621 1601 772 1697 relegens
791 1602 940 1698 Alpheus
960 1625 1101 1674 amores.
1238 1673 1241 1676 .

349 1722 496 1792 Arcades
513 1724 569 1794 bic
586 1738 661 1813 tua,
683 1749 745 1796 nec
763 1725 874 1820 pudor
887 1721 962 1794 est?
981 1721 1120 1793 delubra
1139 1721 1275 1794 nefastis

351 1847 545 1936 Imposuere
559 1842 642 1914 locis
658 1871 666 1914 :
683 1843 752 1914 illic
768 1847 956 1916 Mavortius
975 1845 1046 1914 axis
1225 1905 1230 1918 .

350 1965 540 2054 OEnomai,
559 1967 748 2061 Geticoque
766 1991 867 2062 pecus
881 1964 1050 2038 stabulare
1068 1964 1131 2035 sub
1146 1969 1263 2038 Haemo

349 2086 495 2180 Dignius
512 2087 689 2182 :abruptis
705 2088 890 2158 etiamnum
909 2088 1084 2160 inhumata
1099 2111 1281 2182 procorum

350 2205 524 2302 Relliquiis
541 2224 662 2280 uunca
675 2235 737 2280 ora
753 2211 886 2305 rigent:
905 2224 1017 2280 tamen
1037 2207 1092 2280 bie
1107 2209 1168 2278 tibi
1187 2204 1303 2302 templi

350 2331 476 2400 Gratus
496 2331 606 2402 bonos
619 2355 628 2400 r
643 2330 754 2427 placet
768 2331 830 2402 Ida
847 2355 988 2421 nocens,
1006 2331 1212 2424 mentitaque
1227 2352 1339 2398 manes

350 2452 452 2522 Creta
467 2456 630 2526 tuosble
643 2450 812 2524 Tantaleis
829 2454 1010 2527 consistere
1032 2452 1146 2540 tectis,

350 2574 436 2662 Quae
456 2573 591 2644 tandem
609 2574 739 2651 invidia,
751 2572 823 2645 est?
841 2573 925 2645 Belli
942 2554 1082 2673 deflecte
1099 2571 1282 2661 tumultus,

350 2698 395 2766 Et
409 2699 541 2791 generis
555 2696 729 2767 miseresce
746 2698 805 2767 tui.
827 2697 915 2767 Sunt
929 2698 1032 2792 impia
1048 2695 1117 2767 late

241 2831 247 2843 '
350 2821 468 2914 Regna
484 2818 566 2907 tibi,
582 2815 704 2889 melius
724 2842 865 2913 generos
882 2843 1021 2913 passura
1042 2833 1240 2889 nocentes.»

321 3019 326 3024 ⁵
399 2940 550 3011 Finierat
565 2940 706 3011 miscens
726 2939 884 3035 precibus
900 2941 1052 3011 convicia
1069 2944 1169 3013 Juno.

350 3067 395 3132 At
414 3085 484 3130 non
500 3058 556 3129 ille
572 3061 699 3156 gravis,
718 3060 835 3149 dietis,
852 3084 1045 3156 quanquam
1061 3085 1197 3156 aspera,
1219 3077 1331 3137 motus

351 3181 511 3251 Reddidit
528 3183 601 3253 bac
615 3210 624 3251 ε
639 3180 831 3277 «Equidem
846 3182 939 3255 baud
953 3183 1051 3253 rebar
1067 3198 1105 3287 te¹
1117 3197 1230 3253 mente
1244 3182 1385 3255 secunda

352 3306 531 3391 Lecturam,
547 3303 775 3399 quodcunque
793 3318 889 3395 tuos,
909 3302 986 3376 licet
1002 3329 1135 3400 aequus,
1155 3306 1190 3374 in
1209 3308 1320 3401 Argos

352 3424 588 3516 Consules-em,
606 3452 715 3521 neque
731 3452 800 3516 me,
817 3426 918 3499 detur
934 3428 961 3496 si
982 3427 1094 3522 copia,
1110 3424 1194 3497 fallit

351 3547 463 3619 Multa
478 3574 580 3645 super
597 3548 720 3618 Thebis
737 3549 923 3637 bacchum,
944 3572 1167 3643 ausuramque
1185 3551 1319 3621 Dionen

351 3671 490 3760 Dicere,
511 3670 569 3738 sed
587 3674 693 3740 nostri
711 3670 898 3741 reverentia
917 3667 1075 3765 ponderis
1092 3669 1213 3742 obstat

351 3790 549 3863 Horrendus
562 3792 687 3861 etenim
703 3790 833 3878 latices,
852 3792 969 3887 Stygia
986 3816 1120 3886 aequora
1138 3790 1251 3863 fratris

351 3914 523 4001 Obtestor,
539 3939 739 3985 mansurum
756 3930 788 3983 et
808 3940 876 3983 non
892 3912 1082 3985 revocabile
1100 3938 1236 4001 verum,

352 4035 410 4108 Nil
430 4036 502 4107 fore
520 4061 589 4131 quo
609 4034 706 4106 dictis
722 4034 837 4106 flectar
856 4059 983 4129 :quare
1007 4035 1152 4139 impiger
1166 4034 1233 4108 ales
