2934 4950
311 501 349 556 ru
371 503 400 570 r.
424 504 453 558 P.
476 505 600 560 suurn
620 507 730 562 Tuus.
752 509 822 565 tra.
844 511 896 566 tx.
1068 522 1125 595 329

109 616 256 691 Fugiunt,
266 617 431 693 Pheneique
438 619 607 696 phalanges
621 621 659 699 (v.
668 622 748 702 8l7.)
761 627 828 682 Vox
833 629 1022 703 fugiuntnon
1036 647 1127 692 exstat

62 707 95 762 in
120 707 218 764 codd.
240 710 414 782 Rarthianis,
430 723 551 786 excepto
571 715 640 785 ΜΒ,
661 734 757 791 neque
778 722 919 777 Gronovii
940 725 1126 784 «sinceriori-

63 803 122 858 bus
134 828 164 874 n,
182 821 282 878 neque
302 804 333 859 in
352 807 442 878 Dan,
457 809 558 878 Taum,
573 809 641 884 Reg.
661 829 685 865 r.
706 813 831 869 Petreus.
848 835 856 869 ε
865 831 995 888 pereunt
1015 821 1127 878 Deinde

64 897 154 952 multi
176 898 267 955 codd.
280 918 336 973 pro
352 901 516 976 Pheneique
530 903 666 958 exhibent
690 905 907 984 Telephoeeeque
923 931 933 963 .·
950 912 1029 968 unde
1047 917 1123 972 Gro-

65 989 178 1048 novius
198 991 318 1048 effecit:
334 995 517 1071 «AEpitiique
532 995 634 1068 duces,
652 997 888 1077 Thehsusoeoeque
899 1005 1092 1083 phalanges‚s
1110 1029 1125 1065 a

64 1084 241 1158 Tbelpusa,
256 1086 329 1143 urbe
346 1098 375 1144 et
389 1107 459 1164 agro
474 1090 504 1143 in
520 1088 713 1148 Arcadia.hd
732 1111 818 1166 quarn
840 1096 1034 1167 conjecturam
1051 1120 1125 1174 pro-

65 1177 134 1249 pius
149 1179 267 1235 accedit
288 1183 373 1238 lectio
391 1182 626 1253 Barthianorurn‚
644 1184 883 1262 Theipheleoeque
902 1194 979 1266 (narn
1001 1194 1124 1270 Thefph.

67 1270 176 1326 sitium
192 1271 336 1352 typogr.);
359 1293 392 1332 ac
411 1277 496 1349 plane
517 1275 705 1333 confirmatur
727 1279 821 1354 Regio
849 1301 880 1350 r,
903 1284 1125 1362 Delphusiaeque

66 1364 232 1422 exhibenti.
252 1369 285 1422 In
299 1386 358 1442 seq.
375 1387 401 1424 v.
418 1369 515 1437 illum,
532 1370 675 1445 Dryanta,
687 1371 760 1444 fidit
777 1374 1005 1448 Parthenopaeus.

109 1472 226 1528 Sunius
240 1469 279 1549 (v.
298 1473 376 1551 864).
397 1477 463 1531 Non
478 1477 678 1551 obsequentes.
694 1479 884 1556 Utlvirgilius
901 1503 908 1535 :

275 1667 360 1731 Neque
374 1665 441 1716 audit
455 1683 540 1716 currus
554 1667 667 1719 habenas.

108 1847 179 1916 Qua
196 1847 321 1920 tegmina
338 1844 377 1924 (v.
392 1842 470 1922 872).
485 1847 539 1903 ΜΒ
558 1867 657 1922 :aquo
673 1859 692 1904 t.
703 1892 711 1919 ,
722 1872 734 1899 s
745 1850 823 1906 unde
837 1853 932 1908 Barth.
948 1853 1123 1930 conj.quod‚

65 1938 108 1994 uti
121 1938 235 2014 legitur
247 1940 278 1993 in
291 1958 302 1995 1
319 1941 419 1997 Behot.
431 1951 458 1996 et
475 1941 545 2016 Reg.
562 1961 584 1996 r.
599 1941 752 2015 sequentis
764 1962 864 2002 versus
877 1965 942 2002 cum
956 1948 1074 2004 Barthio
1084 1949 1123 2005 ita

66 2032 211 2089 mutanda
229 2031 375 2089 distinctio
393 2053 400 2086 ε
417 2033 761 2109 «transeundumque
780 2048 881 2093 cutem.
898 2039 984 2094 Subit
998 2041 1093 2096 altera.
1108 2066 1122 2091 n

108 2141 275 2215 Causaque
287 2141 429 2214 patebant
442 2139 480 2215 (v.
500 2138 579 2212 876).
600 2145 649 2197 «A
663 2141 755 2199 Diana
773 2142 942 2220 intelligitur
962 2148 1055 2222 Dryas
1070 2166 1123 2204 oc·

68 2234 158 2304 risus,
176 2245 213 2291 ut
226 2235 287 2309 ipsa
299 2234 429 2308 superius
443 2233 478 2311 [v.
495 2232 562 2311 667]
581 2236 752 2308 promiserat
765 2235 862 2293 diceus
876 2258 883 2292 :

179 2449 185 2460 .
203 2449 210 2460 .
228 2449 234 2461 .
251 2449 257 2460 .
273 2415 303 2461 Et
318 2411 403 2462 uostris
416 2410 452 2462 las
466 2411 496 2462 sit
509 2411 592 2461 sasire
607 2410 704 2477 sagittis.
716 2433 728 2454 ι

674 2500 743 2547 tter.

108 2678 207 2732 invita
221 2695 374 2751 capessens
391 2680 482 2730 Anna
489 2693 567 2750 puer
578 2677 663 2750 rapui
676 2672 714 2751 (v.
731 2673 883 2753 891‚sqq.).
899 2676 979 2747 Quid
989 2688 1030 2732 est
1038 2696 1121 2731 arnna

70 2788 224 2844 capessens
242 2770 350 2846 rapui?
368 2768 448 2825 Mss.
467 2786 580 2839 ornnes,
601 2778 668 2825 vett.
686 2768 798 2843 aliquot
813 2769 879 2825 edd.
900 2780 929 2825 et
945 2772 1024 2826 Laut.
1041 2790 1048 2824 ε
1067 2791 1119 2825 ca-

69 2882 168 2933 pesse,
184 2882 246 2919 non
263 2881 424 2939 capessens.
442 2862 488 2918 Sic
498 2871 593 2918 autern
609 2861 640 2916 in
657 2860 861 2936 antiquissimis
880 2880 934 2936 pro
948 2881 1029 2919 more
1047 2864 1121 2919 scri-

72 2966 151 3025 ptum
165 2957 253 3015 luisse
266 2967 339 3031 puto
347 2974 402 3030 pro
410 2957 524 3029 capessi
532 2974 542 3009 :
551 2964 582 3010 ut
595 2954 631 3011 sit
647 2972 726 3011 arma
743 2954 828 3028 rapui
840 2975 904 3029 quae
914 2956 1022 3030 capessi
1033 2956 1118 3012 nole-

71 3046 155 3120 bant,
171 3070 237 3125 quae
250 3048 429 3124 prehendere
444 3068 505 3104 non
519 3048 677 3117 debebam,
691 3067 770 3105 arma
780 3048 881 3104 bellica
894 3068 950 3122 pro
957 3050 1120 3106 venatoriis.

73 3141 171 3201 Melius
186 3156 264 3202 certe
277 3144 334 3200 hoc
351 3162 438 3220 quarn
451 3144 576 3218 probata
590 3142 798 3199 recentioribus
814 3144 1001 3200 Gronoviana
1015 3144 1120 3200 distint-

73 3233 127 3290 ctio
144 3256 151 3290 :
168 3262 180 3287 ιι
196 3236 307 3308 Merui,
320 3235 451 3311 genitrix.
468 3238 568 3292 Poenas
582 3234 671 3292 invita
690 3255 812 3311 capesse.
829 3237 930 3307 Arma,
949 3246 1040 3307 etc.‚»
1055 3256 1119 3293 cum

72 3324 122 3381 hac
138 3330 214 3405 expl.
231 3350 238 3385 ε
259 3353 274 3380 α
284 3328 430 3385 Resuscita
444 3328 534 3403 igitur
550 3328 620 3384 iram
638 3338 730 3400 tuam,
745 3340 778 3384 ut
791 3328 945 3403 patientius
965 3328 1078 3400 doleas,
1093 3342 1121 3387 et

73 3420 204 3497 cogita...
223 3434 251 3478 te
266 3423 371 3496 ipsum,
385 3422 452 3478 licet
467 3422 604 3493 invitam,
622 3432 651 3479 et
670 3423 831 3498 graviores,
850 3422 941 3495 justas
956 3432 1065 3494 tamen,
1084 3423 1121 3479 de

73 3530 114 3567 me
129 3534 230 3587 poenas
250 3515 419 3589 expetivisse
434 3516 473 3571 ob
487 3516 694 3571 contumaciam
709 3527 738 3572 et
755 3515 949 3571 temeritatem.
965 3516 1028 3570 Hoc
1041 3518 1121 3572 velut

73 3606 188 3666 ultionis
202 3609 304 3667 solatio
319 3612 428 3665 luctum
447 3608 577 3684 mitiga.»
596 3607 685 3665 Vides
703 3628 790 3684 quam
803 3609 894 3664 multa
907 3618 1000 3681 poeta
1013 3607 1121 3665 intule-

74 3700 122 3769 rit,
139 3702 172 3759 id
192 3702 274 3779 quod
296 3704 361 3776 jure
383 3702 533 3778 aliquoties
554 3702 670 3779 egregio
683 3703 747 3758 viro
764 3702 950 3783 exprobravit
968 3700 1118 3757 Marklan-

75 3792 134 3851 dus.
154 3798 287 3854 Ceterum
307 3797 472 3853 Lactantius
489 3814 506 3852 a
524 3796 655 3870 partibus
673 3795 814 3852 Gronovii
833 3807 907 3853 stare
925 3794 1056 3866 videtur,
1079 3795 1119 3851 ita

75 3887 208 3962 legendus
220 3908 237 3945 e
251 3890 316 3947 cod.
330 3888 417 3946 Paris.
437 3910 444 3945 ε
461 3890 536 3948 «Dic
554 3892 650 3947 merui.
665 3890 719 3947 Dic
738 3908 807 3946 meae
819 3889 904 3947 matri
921 3907 957 3943 ex
972 3906 1034 3943 ruea
1048 3906 1120 3961 per-

76 3998 141 4039 sona
161 3985 276 4041 :merui
296 3983 405 4056 occidi,
428 3983 497 4059 quia
514 3995 543 4039 te
557 3994 739 4041 miscentem
755 4001 801 4039 me
823 3983 860 4039 ab
876 3981 1036 4036 intentione
1052 3981 1119 4036 belli

77 4090 132 4130 non
146 4098 206 4135 sum
229 4089 356 4148 neuun,
375 4089 402 4134 et
422 4076 527 4134 merito
543 4095 642 4152 poenas
660 4076 738 4134 dedi.
759 4078 891 4152 capesse.
907 4074 982 4147 Quia
1001 4084 1028 4129 te
1047 4092 1119 4129 con-

78 4172 188 4245 tempsi;
207 4185 257 4230 aut
275 4173 421 4243 orbitatis,
443 4169 586 4249 quintilio
605 4172 761 4247 privaris.»
778 4172 869 4228 Aliter
882 4171 940 4225 haec
955 4178 1118 4225 correxerat
