2934 4950
70 461 180 526 troas.)
391 459 604 516 THEBAIDOS
626 461 737 516 Llulttt
759 461 794 516 v.
1073 459 1107 516 ⁵3

70 585 1108 685 TemplaJovis(quidenimhaudlicitumi)feratimpiusignis,

70 713 100 780 Si
113 709 231 799 vilem,
245 712 331 780 tanti
344 723 535 804 premerent
549 733 653 803 quum
669 724 804 804 pectora
818 707 946 797 luctus,

68 835 104 900 ln
119 831 279 902 famulam
290 835 346 925 jus
359 857 431 901 esse
444 846 550 918 ratus,
565 829 785 924 dominoque,
800 829 954 924 ducique.

70 953 131 1022 Sed
146 953 237 1022 videt
252 954 332 1041 hoc,
349 952 440 1022 videt
454 949 511 1020 ille
527 955 636 1022 Deum
652 967 825 1047 regnator,
842 966 876 1020 et
892 955 979 1022 ausis

68 1078 146 1143 Sera
164 1073 319 1168 quidem,
336 1089 452 1142 manet
471 1075 520 1142 ira
540 1088 664 1142 tamen.
677 1103 696 1138 a
716 1075 771 1142 Sic
792 1072 895 1160 satus,
915 1088 948 1142 et
969 1099 1061 1144 arces
1091 1073 1097 1102 ¹

68 1197 230 1290 Respicit,
249 1192 436 1290 atqueillic
456 1192 521 1264 aiio
540 1194 723 1269 certamine
740 1193 819 1264 belli

67 1321 165 1386 Tecta
184 1317 335 1386 stemunt
355 1343 363 1384 ε
382 1315 533 1385 volucres
551 1318 702 1410 equitum
723 1331 938 1411 praeve‘rterat
958 1315 1026 1386 alas

68 1444 165 1508 Fama
185 1463 318 1524 recens,
339 1439 489 1533 geminos
507 1435 568 1506 alis
587 1435 739 1531 amplexa
761 1437 935 1509 tumultus.
1020 1425 1023 1432 ¹

68 1559 115 1628 nti
134 1559 177 1628 ad
196 1559 265 1628 sata
283 1561 374 1653 rapi,
390 1574 490 1653 atque
505 1557 553 1627 iiii
567 1560 637 1653 jam
652 1561 853 1633 occumbere
870 1558 956 1648 leto,

67 1685 118 1752 Sic
138 1683 295 1751 meritam
313 1679 520 1775 Hypsipylen
539 1683 662 1750 iterant
681 1709 689 1750 :
707 1682 933 1776 creduntque,
951 1708 1012 1753 nec
1029 1685 1086 1752 irae

67 1806 116 1873 Fit
135 1827 231 1873 mora
251 1829 259 1871 τ
276 1804 413 1897 jamque
432 1800 537 1890 faces,
557 1817 593 1871 et
613 1801 678 1871 tela
696 1805 871 1897 penatibus
890 1807 1025 1874 instant.
1135 1775 1139 1790 .

67 1929 204 1995 Vertere
221 1949 327 2021 regna
345 1923 513 2012 fremunt,
531 1939 732 2019 raptumque
752 1926 882 1996 auferre
899 1932 1108 2024 Lycurgum,

67 2051 151 2116 Cum
165 2051 267 2136 Jove,
288 2070 431 2141 cumque
448 2047 514 2115 aris
532 2072 539 2114 :
556 2061 715 2116 resonant
731 2046 913 2118 ululatibus
930 2049 1015 2118 aedes

69 2170 247 2259 Femineis,
269 2193 451 2262 versusque
469 2167 566 2237 dolor
584 2169 641 2237 dat
658 2182 752 2264 terga
774 2171 896 2239 timori.

113 2289 292 2386 Alipedum
312 2315 413 2359 curru
432 2289 489 2359 sed
508 2291 598 2359 enim
619 2289 770 2360 sublimis
790 2290 950 2362 Adrastus

70 2416 187 2483 Secum
201 2427 283 2483 ante
293 2436 353 2481 ora
367 2412 477 2481 virum
491 2411 709 2482 fremebunda
722 2412 912 2481 Thoantida
928 2427 1063 2507 portans

69 2536 98 2603 lt
113 2534 244 2604 medius
260 2535 397 2623 turmis,
413 2547 465 2617 et,
482 2534 658 2620 «Parcite,
675 2534 818 2627 parcite,
834 2532 966 2605 clamat.

71 2654 122 2725 Nil
141 2671 255 2726 actum
274 2680 358 2725 saeve
376 2681 384 2724 t
402 2656 542 2725 meritus
560 2654 703 2724 nectale
721 2658 893 2751 Lycurgus

26 2816 29 2825 ·
72 2778 278 2865 hodium,
299 2778 452 2872 gratique
472 2778 639 2846 inventrix
660 2777 806 2845 fluminis
826 2801 911 2846 ecce.
924 2808 940 2841 n
1014 2856 1019 2864 Ι

117 2902 173 2970 Sic
188 2901 248 2968 ubi
265 2898 403 2968 diversis
419 2900 525 2967 maria
542 2914 691 2968 evertere
706 2896 874 2994 procellis*

71 3023 153 3105 ilinc
168 3024 308 3108 Boreas,
323 3024 517 3113 Eurusque,
533 3017 625 3088 illinc
641 3020 738 3114 niger
754 3019 913 3089 imbribus
931 3023 1063 3103 Auster,

71 3140 166 3211 Pulsa
183 3141 271 3229 dies,
288 3156 496 3236 regnantque
512 3140 651 3226 hiemes,
667 3141 759 3208 venit
776 3143 918 3234 aequoris
935 3138 992 3209 ulti

72 3264 139 3331 Rex
158 3260 311 3331 sublimis
330 3262 443 3355 equis,
455 3262 684 3356 *geminusque
704 3262 746 3329 ad
764 3252 899 3359 spuniea
921 3263 1040 3331 Trit'on

71 3385 173 3453 Frena
193 3399 334 3470 natans,
355 3380 421 3451 late
440 3380 560 3477 pelago
579 3381 637 3451 dat
658 3383 754 3477 signa
775 3383 926 3452 cadenti:

71 3507 111 3573 Et
124 3506 195 3599 jam
214 3500 315 3599 plana
330 3504 699 3597 Thetis,.montesque,
719 3518 752 3571 et
769 3502 868 3573 litora
887 3521 1050 3575 crescunt.

115 3628 203 3715 Quis
221 3628 390 3719 Superum
406 3638 501 3693 tanto
520 3622 644 3694 solatus
663 3624 779 3693 funera
798 3640 876 3695 voto

72 3750 223 3817 Pensavit
242 3743 424 3840 lacrymas?
442 3744 647 3842 inopinaque
668 3745 789 3840 gaudia
811 3761 935 3815 moestae

74 3869 211 3939 Rettulit
227 3865 438 3963 Hypsipylae?
454 3870 506 3936 Tu
523 3868 630 3962 gentis
646 3866 816 3954 conditor,
833 3870 944 3955 Evan,

64 3993 138 4083 ‘Qui
152 3992 307 4086 geminos
322 3990 463 4083 juvenes
479 3990 596 4057 Lemni
615 3989 655 4055 de
672 3986 769 4057 lito‘re
787 4004 897 4057 vectos

76 4112 232 4182 intuleras
250 4113 399 4198 Nemeae,
419 4109 638 4203 mirandaque
658 4110 722 4178 fata
742 4110 892 4205 parabas.
