2934 4950
343 413 398 471 104
600 466 602 469 ,
700 407 730 461 P.
751 406 875 461 PUBLII
895 405 1026 460 STATII

340 531 478 598 Tectum
491 543 684 622 augustum,
697 509 906 623 ingqns,non
918 541 1062 598 centum
1074 527 1111 594 ir
1142 501 1145 505 .
1398 596 1427 641 Α

340 649 406 718 sed
423 664 553 743 quantae
570 652 715 744 Superos
731 648 935 744 coelumque,
953 646 1059 718 Atlar
1367 643 1422 704 «ὖ

1332 753 1364 792 x

1261 775 1355 986 ἐ

340 771 533 838 Sustentare
550 783 675 862 queant
695 795 703 838 :
722 783 833 864 stupet
850 771 914 839 hoc
934 769 999 839 vici

341 891 467 984 Regia,
486 905 585 984 teque
606 893 679 984 pari
695 889 848 960 laetantur
868 891 944 959 sede
963 891 965 896 ’

340 1011 505 1099 Numina,
526 1036 569 1080 ne
588 1035 747 1105 magnum
768 1036 908 1105 propere

341 1133 447 1200 Tanta
465 1144 557 1225 patet
572 1129 692 1218 moles,
710 1131 865 1226 effusaeqr

342 1252 495 1321 Liberior
515 1253 632 1346 spatii,
653 1249 818 1321 multumr

253 1377 257 1390 '
343 1373 516 1458 AEtberos‚
537 1387 570 1440 et
589 1386 719 1440 tantum
738 1370 775 1439 ds

342 1491 481 1586 Implet,
500 1507 534 1560 et
553 1493 680 1587 ingenti
696 1494 728 1560 G

343 1614 443 1680 Mons
459 1611 579 1704 Libys,
597 1609 688 1680 Iliac'

343 1734 387 1800 Et
401 1730 525 1818 Chios,
542 1747 575 1799 et
592 1727 642 1824 gb·

344 1853 507 1944 Lunaque
522 1865 665 1944 portant„

345 1974 462 2067 Longa
480 1995 579 2065 super
597 1973 721 2066 species
739 1999 746 2039 :
769 2011 795 2040 ιι

346 2091 502 2179 Visibus,
522 2093 696 2186 auratique
713 2106 809 2186 putes
829 2090 919 2187 laqt.

394 2212 458 2279 Hic
477 2236 581 2304 quum
600 2209 780 2282 Romuleos
797 2237 951 2306 proceres
970 2228 1038 2281 tra„

347 2332 490 2426 Agmina
506 2328 598 2399 mille
620 2330 717 2400 simul
732 2333 831 2425 jussit
851 2331 1059 2403 discumbere
1080 2361 1156 2403 me„

347 2455 424 2546 Ipsa
443 2453 534 2521 sinus
555 2454 701 2522 accincta
722 2455 843 2537 Ceres,
863 2453 1082 2548 Bacchusque
1101 2455 1258 2524 laborans

348 2572 505 2643 Sufficere
526 2599 534 2641 ε
555 2573 688 2642 aetberei
708 2573 786 2672 felir
806 2574 851 2642 sic
869 2575 976 2643 orbita
995 2572 1092 2645 lluxit

348 2692 565 2788 Triptolemi;
585 2696 632 2761 sic
644 2693 777 2778 'vitifero
797 2694 857 2762 sub
876 2691 1011 2788 palmite
1028 2695 1142 2765 nudos

348 2812 526 2883 Umbravit
542 2811 661 2900 colles,
679 2828 712 2881 et
732 2813 841 2883 sobria
856 2836 936 2881 rura
951 2817 1078 2908 Lyaeus.

350 2932 415 3002 Sed
432 2932 513 3001 mibi
533 2957 599 3001 non
618 2931 750 3026 epulas,
770 2930 902 3001 Indisve
921 2934 1033 3001 innixa
1052 2934 1223 3004 columnis

349 3054 485 3122 Robora
503 3056 718 3141 Maurorum,
739 3050 919 3122 famulasve
938 3078 980 3122 ex
997 3053 1117 3124 ordine
1134 3070 1283 3135 turmas;

349 3175 485 3268 Ipsum,
506 3173 615 3266 ipsum
633 3171 757 3266 cupido
775 3186 906 3241 tantum
924 3187 1072 3266 spectare
1093 3174 1227 3244 vacavit

350 3292 583 3387 Tranquillum
603 3292 734 3379 vultus,
758 3309 790 3362 et
809 3295 980 3387 majestate
1000 3318 1117 3363 serena

351 3413 553 3484 Mulcentem
573 3413 701 3501 radios,
721 3416 1048 3509 summittentemque
1070 3414 1220 3484 modeste

351 3538 506 3605 Fortunae
520 3533 637 3603 vexilla
653 3560 739 3621 suae3
756 3549 865 3603 tamen
882 3560 939 3604 ore
956 3535 1081 3604 nitebat

275 3702 279 3711 -
340 3652 586 3729 ‚Dissimulatus
607 3655 712 3723 bonos
731 3681 738 3721 τ
758 3652 856 3724 talem
877 3674 1009 3749 qnoque
1026 3655 1188 3724 barbarus
1208 3650 1308 3720 bostis

353 3777 483 3863 Posset,
501 3789 535 3843 et
554 3776 674 3869 ignotae
693 3788 908 3868 conspectum
928 3798 1106 3870 agnoscere
1123 3786 1248 3867 gentes.

353 3896 431 3963 Non
450 3892 546 3963 aliter
563 3893 671 3989 gelida
690 3893 869 3990 Rhodopes
889 3896 923 3963 in
944 3891 1029 3963 valle
1048 3893 1214 3964 recumbit

353 4018 505 4087 Dimissis
523 4016 691 4087 Gradivus
712 4018 830 4110 equis:
849 4019 895 4087 sic
915 4015 1041 4085 lubrica
1063 4015 1157 4110 ponit
