2934 4950
1210 385 1384 413 mm}

593 643 800 748 LIBER
839 554 1155 771 QUINTUS.

802 986 936 1004 ⁴--

334 1175 483 1302 =Pausa
502 1230 572 1298 sitis
593 1227 713 1315 fluvio,
735 1225 960 1321 populataque
980 1229 1121 1324 gurgitis
1140 1227 1272 1298 alveum

352 1353 497 1448 Agmina
514 1348 711 1444 linquebant
731 1350 837 1443 ripae,
850 1341 1058 1443 ¹amnemque
1079 1351 1241 1422 minorem
1260 1377 1268 1418 :

354 1474 475 1543 Acrior
492 1486 527 1540 et
543 1495 697 1566 campum
718 1471 851 1565 sonipes
872 1471 981 1566 rapit,
1001 1486 1035 1541 et
1052 1471 1154 1566 pedes
1174 1497 1254 1541 arva

354 1592 476 1689 Implet
492 1618 596 1662 ovans
617 1618 624 1662 :
643 1591 773 1664 rediere
792 1593 872 1662 viris
891 1593 1079 1687 animique,
1097 1595 1279 1687 minaeque,

354 1717 524 1809 Votaque,
546 1716 738 1808 sanguineis
756 1717 896 1783 mixtum
908 1740 977 1812 ,ceu
1000 1713 1147 1784 fontibus
1167 1717 1278 1811 ignem

354 1839 550 1905 Hausissent
569 1833 665 1922 belli,
687 1860 894 1930 magnasque
913 1838 948 1904 in
968 1835 1084 1931 proelia
1104 1852 1241 1906 mentes.

345 2030 348 2034 A
403 1959 565 2054 Dispositi
583 1959 617 2026 in
639 1972 766 2026 turmas
782 1983 915 2046 rursus,
935 1957 1108 2055 legemque
1130 1963 1236 2030 severi

356 2080 511 2167 Ordinis,
532 2094 569 2148 ut
587 2081 708 2174 cuique
727 2095 805 2150 ante
824 2080 934 2171 locus,
954 2080 1159 2177 ductorque,
1177 2099 1348 2153 monentur

355 2208 546 2273 Instaurare
563 2204 643 2271 vias.
665 2201 778 2271 Tellus
794 2204 865 2297 jam
884 2189 1022 2298 pulvere
1039 2207 1149 2300 primo

356 2325 502 2412 Crescit,
523 2337 558 2392 et
576 2347 748 2393 armorum
767 2326 998 2394 transmittunt
1019 2324 1151 2421 hilgura
1171 2327 1271 2398 silvae.

355 2443 478 2538 Qualia
497 2459 589 2516 trans
607 2447 752 2516 Pontum
772 2445 902 2517 Phariis
922 2446 1055 2518 defensa
1071 2450 1195 2519 serenis

356 2572 470 2637 Rauca
488 2569 675 2637 Paraetonio
694 2562 858 2637 deoedunt
876 2571 1010 2665 agmina
1027 2571 1124 2659 Nilo,

357 2691 473 2780 Quum
490 2690 561 2759 fera
579 2692 676 2784 ponit
691 2690 799 2760 hiems
816 2716 824 2760 ε
844 2690 908 2761 illae
924 2692 1082 2791 clangore
1100 2697 1229 2793 fugaci,

357 2811 485 2881 Umbra
507 2810 598 2881 fretis
618 2812 789 2906 arvisque,
812 2811 926 2883 volant
946 2841 954 2883 :
976 2832 1073 2887 sonat
1093 2820 1318 2890 avius-ather.

356 2936 429 3003 Jarn
448 2936 579 3001 Borean
598 2932 786 3027 imbresque
806 2937 894 3029 pati,
910 2938 978 3029 jam
996 2964 1076 3009 nare
1093 2938 1209 3010 solutis

358 3051 538 3140 Amnibus,
558 3068 593 3121 et
609 3053 701 3122 nudo
716 3056 813 3148 juvat
831 3058 981 3127 aestivare
1001 3061 1063 3129 sub
1082 3065 1206 3131 Haemo.

406 3175 470 3242 Hic
489 3198 604 3243 rursus
626 3174 724 3243 simili
743 3201 919 3270 procerum
940 3179 1084 3251 vallante
1103 3210 1227 3254 corona

358 3297 436 3363 Dux
453 3293 681 3381 Talaionides,
702 3297 838 3390 antiqua
860 3312 898 3367 ut
917 3300 1002 3369 forte
1023 3304 1090 3371 sub‘
1105 3329 1190 3373 orno

358 3415 491 3502 Stabat,
510 3430 543 3484 et
560 3416 686 3484 admoti
706 3418 802 3485 nixus
820 3420 984 3513 Polynicis
1005 3425 1040 3491 in
1058 3425 1187 3495 hastam
1207 3453 1216 3495 ι

363 3554 367 3559 ’
407 3567 424 3602 a
437 3541 481 3607 At
499 3552 628 3627 tamen,
650 3563 671 3607 o
690 3563 897 3635 quaecunque
919 3568 970 3633 es,
991 3542 1056 3634 ait,
1076 3549 1131 3617 cui
1151 3548 1258 3644 gloria
1279 3566 1361 3619 tanta

358 3662 519 3729 Venimus
539 3660 718 3729 innumerae
738 3660 842 3730 fatum
861 3662 981 3735 debere
1001 3667 1174 3759 cohortes,

359 3782 470 3869 Quem
488 3803 555 3848 non
575 3780 645 3874 ipse
661 3784 771 3850 Deum
789 3797 880 3853 sator
897 3786 1115 3881 adspernatur
1132 3792 1311 3879 honoram,

358 3904 423 3972 Die
443 3926 504 3996 age
525 3900 684 3997 (quando
706 3906 770 3973 tuis
791 3905 914 3977 alacres
934 3912 1116 3985 assistimus
1136 3908 1261 4013 undis)

359 4025 442 4113 Quae
460 4021 596 4109 domus,
613 4038 672 4092 aut
689 4025 805 4109 tellus,
824 4032 968 4099 animam
986 4034 1108 4127 quibus
1124 4036 1272 4108 hauseris
1288 4030 1387 4107 astris?
