2934 4950
315 453 369 508 312
489 467 494 480 ·
688 449 988 505 ADNOTATIONES

355 573 421 645 Ipse
440 569 511 648 olim¹
531 570 561 624 in
576 568 658 624 terres
680 565 719 645 (v.
739 565 818 645 387).
840 570 944 623 Manus
962 566 1044 623 Statii
1064 565 1095 621 in
1111 568 1167 624 ΜΒ
1185 586 1193 621 :
1213 567 1379 642 r'rrterras,

314 686 338 720 c.
360 665 397 739 gl.
417 682 423 717 :
445 664 631 720 «Devenerat
642 661 816 736 jampridem
830 661 891 736 ipse
911 660 943 716 in
955 671 1054 718 terras.
1073 685 1087 712 »

355 769 425 845 Igni
450 765 487 846 (v.
516 767 593 847 407).
613 768 747 826 Fulmini.
767 767 858 838 Quod
877 767 1043 841 exprimunt
1069 767 1085 824 3
1110 768 1197 824 codd.
1216 768 1378 824 lectione:

315 864 436 920 «minor
456 873 497 919 est
517 863 597 919 Jovis
613 863 682 936 imp.
705 861 775 938 igni
790 886 803 911 »ι
824 861 910 918 Unde
929 859 1098 918 Wakefield.
1113 862 1221 918 'effecit
1244 863 1292 916 ad
1311 865 1378 917 Lu-

313 969 379 1012 cret.
395 976 423 1024 1,
446 957 546 1012 1003:
568 959 604 1010 A.
623 955 749 1010 hiber-nis
767 955 987 1029 mr'rrorirnpetus
1004 966 1034 1010 et
1048 954 1125 1010 lovis
1138 956 1156 1010 i.

356 1060 464 1116 Oleniis
490 1073 611 1115 manant
637 1071 677 1116 tot
696 1059 826 1116 cornibus
846 1059 947 1115 imbres
971 1056 1010 1139 (v.
1028 1058 1107 1137 423).
1127 1060 1292 1116 «Olenium
1313 1064 1378 1116 Ar-

313 1154 400 1210 cadiae
421 1153 517 1230 [immo
536 1154 645 1211 Olenus
668 1151 792 1229 Achajae]
813 1151 953 1227 oppidum
974 1173 982 1208 ε
1003 1153 1080 1210 unde
1097 1153 1233 1210 Oleniam
1252 1172 1377 1228 capram

313 1228 398 1303 fuisse
422 1249 539 1318 volunt,
565 1248 645 1304 lovis
666 1246 814 1318 nutricem.
834 1236 904 1302 llaec
924 1265 989 1302 cum
1011 1245 1076 1303 filiis
1097 1247 1156 1303 suis
1174 1247 1254 1302 inter
1275 1247 1378 1303 sidera

311 1352 427 1416 recepta
436 1352 495 1396 est:
511 1339 594 1413 cujus
614 1340 693 1396 sidus
706 1339 888 1411 imbriferum
901 1338 1047 1397 dicitur...
1067 1339 1145 1396 Dicit
1157 1340 1251 1417 igitur
1270 1341 1379 1398 verbe·

311 1427 386 1491 rum
397 1435 578 1491 crebritatem
596 1433 728 1526 [assiduos
746 1434 853 1491 imbres
871 1453 958 1509 posse
975 1453 1119 1508 superare.
1140 1458 1153 1484 υ
1171 1437 1266 1490 Lacr.

359 1544 481 1600 Verbera
488 1543 623 1620 pallidas
640 1542 725 1610 addit
741 1538 779 1619 (v.
798 1539 877 1620 450).
892 1543 940 1599 PR
960 1562 968 1596 :
983 1540 1110 1613 «audet,
1125 1566 1138 1593 r
1163 1542 1251 1616 quod
1269 1559 1375 1598 verum

311 1637 434 1693 videtur.
460 1635 691 1693 Praecedcntibus
719 1653 766 1692 vv.
792 1636 911 1709 plausus
938 1634 1146 1710 intelliguntur,
1174 1653 1253 1710 quos
1281 1635 1375 1691 edunt

312 1742 488 1805 spectatores
507 1739 664 1806 surgentes.
1192 1716 1194 1720 ⁸

353 1839 503 1914 Multoque
521 1835 559 1914 (v.
580 1833 659 1913 459).
680 1837 772 1900 «Non
789 1836 850 1904 sine
863 1836 976 1893 ratione
997 1856 1110 1894 versum
1132 1837 1212 1892 hunc
1231 1836 1373 1892 omittunt

311 1933 483 1988 membranae
498 1931 552 1991 illae
569 1929 777 1993 laudatissimae.
796 1954 808 1980 n
828 1931 939 1986 Banrn.
953 1961 994 1973 —
1007 1932 1042 1987 ln
1057 1933 1136 1988 Lact.
1154 1929 1274 2006 legitur.

352 2038 472 2108 AEclrion
493 2035 531 2114 (v.
550 2035 629 2115 465).
643 2036 813 2112 Legendum
831 2057 898 2093 cum
916 2038 1034 2094 Barthio
1051 2039 1181 2108 AEtlu'on,
1200 2049 1238 2094 nt
1256 2057 1295 2095 ex
1307 2058 1370 2094 me·

312 2131 434 2188 lioribus
455 2129 541 2186 codd.
563 2140 640 2186 certe
660 2130 733 2198 alter
751 2130 872 2187 Behotii.
892 2131 988 2188 Verba
1006 2133 1148 2193 Lactantii
1167 2132 1199 2187 in
1221 2131 1293 2188 cod.
1312 2135 1368 2189 Pa-

311 2225 358 2280 ris.
378 2224 417 2280 ita
438 2223 632 2280 scribuntur:
653 2223 787 2280 Jucunde
805 2242 899 2299 graeco
920 2224 1033 2281 nomini
1051 2225 1267 2300 expositionem
1288 2224 1368 2298 adje-

311 2319 365 2389 cit,
386 2317 454 2393 quia
471 2315 592 2374 AEthion
612 2317 719 2374 dicitur
738 2318 888 2374 decolore
906 2317 991 2396 [vulg.
1007 2322 1103 2376 calore
1121 2340 1130 2373 .·
1155 2318 1192 2374 cl.
1210 2320 1249 2389 11„
1268 2319 1366 2393 Steph.

315 2411 397 2467 Thes.
419 2413 452 2466 L.
469 2411 534 2482 Gn,
551 2431 577 2483 1,
596 2429 625 2486 p.
643 2411 701 2486 960
721 2409 841 2488 Paris.]:
855 2410 933 2468 unde
953 2423 982 2468 et
995 2412 1125 2487 lophion
1144 2409 1243 2490 [vulgo
1264 2415 1365 2490 Hype-

310 2508 388 2573 rion,·
409 2507 505 2562 Barth.
524 2525 532 2561 :
551 2506 668 2583 Virgilii
685 2504 817 2581 ΕΜ),
834 2504 965 2580 quamvis
986 2507 1034 2561 alii
1059 2506 1249 2581 patermemei
1271 2504 1367 2583 [vulgo

307 2600 486 2674 potermenii.
498 2601 574 2675 Lege
582 2597 796 2675 patronymica]
808 2598 950 2673 accipiant
963 2620 971 2654 ε
985 2610 1142 2676 utrumque
1150 2611 1248 2656 tamen
1257 2612 1346 2658 recte
1354 2627 1366 2649 ι

310 2701 409 2765 Altior,
429 2702 463 2747 ut
483 2710 544 2748 non
560 2709 627 2747 raro
641 2688 707 2747 licta
730 2691 863 2771 apoetisfl
875 2693 991 2748 nomina
1009 2694 1144 2768 propria,
1163 2693 1203 2750 ad
1222 2705 1368 2768 patrony-

311 2785 451 2841 micorum
466 2785 669 2841 formationem
683 2784 789 2841 factum
808 2804 868 2841 esse
880 2786 996 2842 videtur
1010 2788 1046 2843 ab
1061 2790 1136 2860 αἶθος,
1151 2798 1187 2848 co'.
1207 2788 1295 2843 Idem
1310 2808 1366 2845 no·

310 2897 376 2934 men
396 2878 545 2934 hominum
563 2877 639 2933 infra
657 2896 722 2948 vu,
744 2874 800 2949 757
821 2876 867 2953 (cf.
885 2897 921 2950 x,
944 2877 1022 2957 734),
1050 2890 1078 2936 et
1100 2898 1149 2954 ap.
1170 2880 1277 2953 0vid.,
1299 2883 1366 2937 Me-

310 2982 397 3039 tam„
414 2992 442 3041 v,
464 2972 528 3037 146.

356 3067 440 3121 Venit
455 3067 485 3121 in
500 3066 596 3141 spotia
614 3062 652 3142 (v.
675 3062 753 3143 493).
774 3066 829 3121 ΜΒ
845 3086 853 3120 :
872 3070 955 3122 volnt
970 3070 1000 3123 in
1012 3089 1054 3145 sp.

351 3173 405 3229 Sen
414 3173 509 3246 finxit
527 3174 555 3227 in
571 3184 635 3227 artu
658 3173 806 3247 Temporis
820 3170 859 3251 (v.
881 3173 960 3253 496).
974 3178 1029 3232 ΜΒ
1045 3197 1052 3231 :
1067 3196 1137 3232 «seu
1146 3176 1365 3249 finxeratoestu

310 3280 436 3341 temp.,r
455 3277 576 3342 urgente
591 3276 740 3340 ternpore,
759 3266 835 3323 bene
852 3268 965 3342 opinor.
981 3271 1025 3326 At.
1044 3271 1119 3343 conj.
1140 3282 1238 3327 :actu

355 3374 409 3429 Seu
420 3374 540 3429 monstri
550 3373 659 3449 victor,
672 3391 723 3431 seu
732 3374 829 3458 Μαήε
837 3370 878 3451 (v.
895 3373 974 3455 534).
988 3368 1088 3447 codd.
1096 3376 1223 3452 aliquot,
1235 3378 1268 3434 in
1282 3380 1364 3454 quib.

311 3469 371 3523 duo
384 3466 537 3522 meliorum
555 3486 562 3521 :
577 3467 718 3522 monstras.

351 3563 386 3615 In
405 3563 481 3615 latus
499 3560 541 3615 ire
561 3579 662 3616 uranus
682 3556 721 3638 (v.
745 3560 823 3639 544).
846 3565 922 3640 Lege
952 3584 1016 3620 cum
1036 3565 1139 3621 Markl.
1160 3566 1203 3619 ad
1225 3565 1314 3635 Sila,
1339 3587 1365 3635 r,

310 3670 343 3723 a,
362 3652 398 3708 82
417 3672 534 3709 :manu
893 3653 896 3657 ⁴
925 3689 928 3694 >

352 3747 504 3803 Moenolr'oe
523 3750 676 3805 Atalantes
694 3746 732 3827 (v.
756 3748 813 3806 563
835 3749 920 3825 sqq).
940 3754 1102 3820 Permutat,
1120 3762 1154 3807 ut
1167 3753 1251 3807 multi
1266 3766 1363 3826 poetae

309 3850 338 3895 et
362 3840 530 3913 scriptores,
555 3841 727 3899 Arcadicum
752 3844 931 3913 Atalantam,
954 3854 1073 3900 matrem
1101 3846 1302 3921 Parthenopaei
1327 3866 1361 3904 ex

308 3934 469 4009 MeleagrO,
487 3952 551 3989 cum
566 3934 749 4006 Schcenelde,
762 3936 951 4010 Hippomenis
961 3956 1062 3994 uxorc.

351 4043 461 4115 Aperta
480 4040 580 4112 Lycoei
593 4036 631 4117 (v.
652 4038 729 4119 567).
749 4043 883 4099 Meliores
898 4046 993 4099 Barth.
1009 4065 1016 4098 z
1033 4058 1131 4121 operta
1140 4088 1149 4114 ,
1165 4058 1194 4102 ct
1208 4045 1239 4101 in
1254 4068 1314 4123 seq.
1333 4068 1359 4103 r.

307 4156 320 4183 a
329 4151 401 4189 unus
420 4135 587 4209 reprendere
600 4154 654 4207 pro
669 4137 748 4211 depr.
760 4160 771 4185 υ
