2934 4950
355 395 411 460 304
727 394 1028 452 suuotfflortns

352 511 422 583 Reg.
447 527 458 561 ι
483 509 558 562 :En
575 507 662 582 longo
685 529 707 562 r.
714 509 763 581 f.,
780 509 861 584 quod
880 511 924 568 vel
943 512 983 566 ob
1004 510 1115 584 copulae
1135 511 1308 588 languorem
1331 515 1401 570 reci·

352 599 489 676 piendum
503 610 572 656 erat.

390 695 431 749 Et
443 704 571 750 errantes
587 694 716 750 ouante
732 697 849 769 pulvere
865 695 937 751 nuos
954 693 994 773 (ι.
1009 694 1088 771 687).
1109 696 1177 753 Sine
1194 696 1288 754 dnbio
1303 718 1405 755 vesun

351 787 432 863 qnod
445 786 553 861 prebet
566 787 620 842 ΜΒ
630 798 659 843 et
679 789 752 844 alter
762 807 837 844 nnus
850 808 858 844 ι
876 799 1013 845 «arentes
1026 788 1095 845 obd.
1104 813 1117 839 ι
1130 790 1230 845 Paullo
1245 801 1319 865 post
1332 793 1403 848 Bec-

351 881 421 938 chus
440 881 585 958 Erigonen
604 899 683 938 suam
696 890 797 953 vocat,
815 892 848 938 ut
862 882 937 939 lcari
950 883 1063 939 comitis
1078 880 1176 939 filiam.

391 974 483 1032 Comeli
502 975 616 1031 exaruit
627 973 731 1031 immor
742 973 780 1051 (ι.
795 972 875 1053 698).
889 977 935 1033 Ita
947 994 1015 1051 pars
1028 973 1130 1047 codd.;
1144 975 1195 1068 scd
1207 977 1303 1034 multo
1311 981 1404 1052 major

350 1079 379 1124 et
400 1066 504 1124 melior
523 1087 588 1124 cum
605 1067 772 1138 Lactantio,
793 1068 865 1124 citra
876 1068 1043 1126 mutationis
1065 1067 1257 1143 suspicionem
1274 1073 1404 1128 :anor-

330 1203 334 1214 .
350 1163 421 1230 mit,
435 1159 518 1236 quod
531 1160 577 1218 hic
591 1171 633 1218 est
650 1160 851 1232 enitescebat,
867 1171 901 1218 ιιι
915 1162 978 1235 jam
994 1159 1120 1218 horridae
1139 1172 1248 1220 starem
1263 1183 1367 1221 com.

388 1257 545 1330 Deceptum
560 1256 689 1329 margone
702 1257 776 1329 npoe
789 1251 828 1332 (v.
844 1249 922 1334 703).
935 1256 1025 1311 Recte
1036 1257 1091 1310 ΜΒ
1104 1274 1112 1310 z
1127 1278 1140 1305 ι
1148 1257 1178 1310 in
1190 1275 1304 1332 marga
1317 1259 1401 1314 Non·

349 1347 421 1404 nulli
437 1358 503 1404 ante
519 1347 602 1404 Ceres
614 1365 671 1422 pro
688 1367 781 1424 seges.

389 1441 461 1498 Eooe
474 1442 611 1516 liquentia
620 1441 736 1516 pabula
754 1441 864 1496 brumoe
878 1435 917 1515 (ι.
935 1434 1013 1513 706).
1030 1438 1053 1498 1.
1074 1457 1098 1498 e.
1116 1441 1223 1498 imbres
1236 1443 1401 1518 AEtliiopie,

348 1535 455 1610 quibus
478 1533 526 1592 hic
552 1531 657 1592 fluvius
678 1545 824 1592 saturatur
846 1552 854 1589 ι
879 1533 934 1590 hos
955 1533 1044 1610 igitur
1061 1534 1092 1590 in
1110 1555 1141 1591 se
1163 1535 1331 1611 comprimit
1353 1558 1402 1594 nec

347 1629 415 1686 sinit
436 1625 604 1703 exspatiari,
626 1627 681 1684 nisi
706 1637 833 1704 rogatus.
855 1623 1046 1684 Artificiosins
1063 1629 1192 1684 Gronov.
1204 1669 1214 1698 ,
1243 1630 1328 1686 Obse.
1353 1649 1399 1698 ιι,

348 1741 372 1781 c.
395 1719 422 1778 5.

388 1814 444 1870 nte
463 1816 524 1870 alta
545 1807 582 1892 (v.
606 1811 683 1891 7ι4).
701 1813 765 1870 Hoc
783 1820 860 1869 necte
878 1809 916 1868 ad
937 1809 1116 1868 Charadrum
1134 1813 1269 1868 referunt
1292 1814 1398 1890 glosse-

349 1918 433 1964 tores.

388 1999 475 2056 Siccis
489 1995 605 2056 iiiiiiunt
621 2019 672 2056 oro
686 1999 813 2074 lupatis,
827 1999 904 2067 Oro,
920 2007 972 2056 etc.
987 1993 1026 2076 (ι.
1046 1994 1124 2075 730).
1138 2015 1156 2053 a
1171 1998 1259 2058 codd
1276 1999 1396 2057 nausii:

346 2113 406 2149 α....
426 2089 545 2148 Illidunt
563 2104 640 2148 tona
655 2088 761 2168 lupatis
778 2091 855 2162 Ora,
871 2098 925 2147 etc.
937 2116 950 2142 ι
960 2094 1050 2161 Ante,
1063 2110 1091 2146 v.
1108 2100 1184 2163 724,
1201 2093 1268 2148 sitis
1284 2093 1395 2150 dom'da

346 2183 515 2242 Wakefield.
531 2187 574 2242 ad
590 2187 719 2259 lucret,
733 2205 792 2259 ιιι,
806 2183 875 2261 930,
889 2193 981 2242 mutat
996 2184 1027 2240 in
1040 2184 1134 2240 anilo.
1325 2229 1328 2234 .

388 2279 461 2352 Quoe
480 2281 551 2336 duta
568 2279 648 2337 sub...
668 2299 761 2356 aquus
774 2276 814 2358 (v.
830 2287 886 2351 747
902 2275 967 2355 usp).
981 2279 1054 2335 Nam
1072 2279 1096 2334 si
1109 2279 1240 2336 mortalis
1254 2291 1341 2351 esset,
1357 2281 1393 2336 si-

345 2373 397 2429 tim
411 2371 542 2444 sentiret,
557 2381 590 2428 ιιι
608 2371 718 2451 Argivi.
733 2372 808 2429 Mire
822 2373 883 2428 haec
896 2369 986 2428 verbs
998 2370 1029 2426 in
1042 2372 1098 2428 ΜΒ
1111 2373 1228 2448 punctis
1243 2375 1391 2430 subnotata

345 2476 427 2536 sunt,
445 2476 478 2523 ut
491 2465 647 2539 ejicienda,
661 2472 689 2523 et
707 2465 813 2524 desunt
828 2465 860 2522 in
873 2467 930 2523 ΡΒ.
944 2495 984 2509 -
997 2467 1090 2523 Versu
1105 2464 1164 2542 759
1182 2467 1343 2525 statianum
1356 2479 1392 2524 est

345 2556 426 2635 quod
441 2560 492 2617 dat
509 2563 564 2616 ΜΒ
580 2581 587 2617 :
602 2568 656 2616 «ιιι
671 2559 786 2635 refugus
798 2558 891 2631 vires,
907 2569 1084 2635 tripectora,
1102 2572 1156 2617 etc.
1169 2585 1182 2611 ι
1193 2561 1278 2618 ldem
1291 2582 1319 2617 ι.
1328 2562 1390 2635 765,

344 2672 395 2709 orn
408 2652 467 2709 urii
476 2671 531 2726 pro
545 2654 664 2721 omneis,
680 2652 763 2727 quod
777 2671 837 2709 non
850 2652 910 2709 sine
922 2650 1099 2710 difficultate.

386 2746 442 2802 Sub
461 2746 552 2802 limite
566 2746 665 2801 cancri
676 2742 715 2823 (ι.
736 2742 815 2822 776).
827 2746 885 2801 ΜΒ
899 2764 907 2801 ι
919 2743 1068 2817 fielnune,
1087 2745 1150 2804 veri
1168 2746 1309 2804 similiter.

386 2840 477 2895 toene
487 2840 628 2915 ponitque
644 2849 796 2915 negantem
813 2840 890 2894 Flor.
907 2834 946 2916 (v.
966 2838 1044 2915 780).
1062 2841 1153 2896 Recte
1173 2837 1300 2897 offendit
1317 2845 1387 2899 Gro-

343 2950 411 2989 nov.
426 2932 457 2988 iu
472 2932 643 3009 repetitione
657 2936 734 2991 locut
746 2933 904 3007 ponitque,
930 2944 960 2989 et
979 2950 1016 2989 ex
1034 2934 1213 3008 optimorum
1233 2935 1322 2993 codd.
1339 2955 1385 2992 ve-

342 3025 433 3102 stigiis
456 3026 596 3083 concinne
615 3026 731 3101 reponit
747 3046 755 3082 ι
771 3026 913 3101 «ponique
929 3027 1063 3103 negantes
1079 3025 1254 3086 Floribus...
1279 3031 1386 3086 Solatur

341 3119 509 3193 lacrymas.»
519 3122 583 3176 lam
596 3138 642 3195 sp.
658 3120 738 3176 Lact.
753 3118 862 3194 duplex
874 3119 979 3191 lectio,
997 3120 1035 3177 de
1049 3138 1108 3195 qua
1118 3120 1179 3177 vid.
1195 3123 1308 3180 Βιιτιι.

383 3213 510 3269 Miratur
525 3232 671 3271 nemorum
692 3213 826 3287 strepidus
841 3210 880 3292 (ι.
901 3210 981 3291 791).
1001 3214 1097 3270 Barth.
1115 3214 1192 3286 conj.
1210 3218 1383 3271 minctum

341 3308 443 3364 ανίιιιιι.
456 3310 524 3365 Post
543 3309 686 3385 improbus
698 3310 783 3386 gloss.
798 3310 874 3383 expl.
891 3328 898 3366 :
912 3308 1105 3378 ludibundus,
1117 3308 1265 3366 delicians.

381 3402 472 3476 Aquis
485 3414 597 3478 egestus
612 3403 650 3458 ab
665 3403 721 3458 imo
741 3401 779 3479 (v.
794 3400 874 3480 818).
887 3402 1056 3481 legendnm
1071 3422 1139 3459 cum
1156 3402 1229 3479 lleg.
1248 3422 1261 3459 1
1281 3424 1289 3458 ι
1308 3404 1383 3469 einis,

339 3492 358 3549 i.
373 3513 397 3551 e.
413 3495 504 3552 luudo
520 3515 581 3553 suo.

380 3588 418 3643 Et
434 3600 550 3663 coptam
564 3586 603 3667 (v.
619 3587 698 3668 823).
714 3586 906 3647 probabiliter
924 3588 1026 3645 Markl.
1041 3590 1083 3644 od
1102 3588 1186 3658 Scin,
1203 3608 1233 3662 1,
1248 3608 1281 3659 n,
1305 3588 1358 3647 158
1375 3610 1382 3641 :

341 3692 419 3736 «aut
430 3690 577 3755 capiam.»

379 3777 460 3830 Dura
477 3776 571 3850 magis
589 3773 628 3854 (v.
648 3774 727 3852 827).
749 3776 796 3831 Bis
814 3774 928 3831 monuit
945 3777 988 3832 nd
1003 3776 1094 3831 &toas
1111 3774 1235 3845 Maru,
1259 3775 1381 3832 scriben—

339 3866 408 3923 dum
415 3884 474 3923 csse
484 3870 585 3923 «ctam
598 3886 668 3939 ιιι.,»
678 3878 890 3942 corruptumst
903 3867 1111 3944 longobardica
1122 3868 1275 3941 scriptura.
1284 3869 1321 3923 Et
1329 3869 1380 3923 loe

338 3959 541 4016 sententiarum
561 3960 646 4017 series
663 3962 811 4036 postulare
828 3960 952 4018 videtur.
967 3960 1024 4019 Sed
1043 3980 1069 4017 ι.
1089 3960 1149 4037 8ι9
1170 3958 1324 4017 difficultas
1342 3970 1378 4015 est

317 4122 321 4131 Ι
339 4055 369 4109 iu
385 4052 479 4111 verbis
496 4074 502 4109 :
522 4056 592 4111 Hoec
609 4056 724 4111 soevisse
738 4068 815 4111 tenus
823 4094 834 4123 ,
851 4064 905 4113 etc.
921 4075 928 4110 :
948 4075 1013 4131 quae
1027 4053 1134 4112 dubius
1146 4055 1242 4112 hereo
1260 4054 1378 4112 scriben-
