2934 4950
348 453 386 516 :tt
449 422 452 432 ’
707 453 735 503 r.
759 449 880 504 runnu
902 448 1024 503 srarn

349 573 472 641 amicus
489 573 626 668 ignovit.
643 574 683 639 In
699 572 852 640 arborem
866 585 955 640 certe
975 584 1081 657 tuam,
1096 569 1228 658 Melior,
1248 586 1281 643 et
1300 575 1388 667 psit·

349 705 479 778 lacum,
498 692 561 760 scis
582 717 601 759 a
621 716 674 759 me
695 689 782 760 leves
799 688 926 759 libellos
940 690 1034 784 quasi
1049 691 1294 784 epigrammatis
1309 691 1390 762 loco

347 814 496 907 scriptos.
513 809 660 882 Eandem
679 811 831 905 exigebat
848 807 916 880 stili
933 803 1123 880 facilitatem
1140 813 1210 879 Leo
1227 835 1388 881 mansue·

346 947 417 1020 tus,
444 958 543 1028 quem
567 935 602 1002 in
626 931 870 1026 amphitheatro
893 944 1112 1025 prostratum,
1132 930 1289 1026 frigidum
1311 946 1390 1000 erat

345 1056 562 1124 sacratissimo
589 1053 782 1148 imperatori
806 1054 841 1122 ni
860 1053 971 1122 statim
990 1052 1163 1120 traderem.
1185 1051 1239 1122 Ad
1258 1056 1388 1122 Ursum
1459 1068 1460 1071 ’

344 1199 477 1268 quoque
500 1189 666 1262 nostrum,
684 1175 841 1268 juvenem
860 1172 1150 1259 candidissimum,
1174 1188 1208 1243 et
1224 1175 1294 1243 sine
1312 1177 1389 1268 jac·

344 1307 419 1362 tura
431 1291 562 1362 desidiae
576 1293 818 1380 doctissimum,
832 1294 988 1389 scriptam
1003 1290 1044 1360 (le
1058 1317 1161 1387 puero
1174 1295 1293 1363 amisso
1305 1319 1389 1364 con·

343 1413 554 1500 solationem,
565 1438 665 1508 super
676 1438 729 1499 ea,
743 1438 816 1507 quae
830 1413 892 1507 ipsi
910 1412 1030 1501 debeo,
1044 1413 1123 1487 huic
1138 1411 1223 1483 libro
1239 1412 1389 1484 libenter

343 1534 481 1620 inserui,
498 1535 576 1626 quia
591 1534 753 1603 honorem
767 1533 837 1625 ejus
852 1533 913 1600 tibi
928 1531 1054 1601 laturus
1067 1548 1248 1628 acceptum.
1262 1532 1388 1603 Exclu·

343 1650 392 1721 dit
406 1649 563 1726 volumen
584 1648 824 1720 Genethliacon
840 1652 983 1740 Lucani,
1003 1652 1093 1744 quod
1108 1651 1202 1721 Polla
1217 1657 1388 1750 Angenta-

342 1772 403 1860 ria,
411 1771 576 1841 carissima
595 1794 751 1866 uporum,
766 1793 870 1862 quum
886 1770 975 1838 hunc
994 1769 1082 1839 diem
1101 1771 1187 1841 sorte
1206 1797 1386 1846 consecra·

341 1914 466 1975 ramus,
487 1889 644 1983 imputari
670 1888 732 1956 sibi
757 1887 871 1956 voluit.
902 1892 973 1985 Ego
999 1914 1067 1957 non
1095 1892 1188 1984 potui
1218 1894 1386 1986 majorem

341 2011 425 2080 tanti
449 2010 592 2079 auctoris
613 2007 736 2076 habere
758 2010 998 2097 reverentiam,
1023 2034 1123 2103 quam
1150 2009 1241 2104 quod
1264 2010 1386 2082 landes

341 2133 410 2223 ejus
425 2128 575 2198 dicturus
589 2128 797 2198 hexametros
813 2153 903 2197 meos
917 2129 1022 2197 timui.
1042 2132 1120 2197 Haec
1135 2128 1387 2225 qualiacunque

339 2263 437 2332 sunt,
453 2247 574 2318 Melior
588 2249 769 2334 carissime,
784 2250 810 2316 si
823 2249 882 2317 tibi
896 2273 965 2318 non
979 2247 1221 2343 displicuerint,
1236 2265 1302 2319 ate
1317 2276 1387 2345 pu-

339 2366 461 2438 blicum
480 2368 664 2461 accipiant3
682 2369 731 2437 sin
747 2369 876 2455 minus,
892 2368 934 2436 ad
952 2392 1005 2440 me
1021 2382 1240 2439 revertantur.
