2934 4950
84 459 1129 489 wmmUwuuwlPmuummssfflssfflmmwmmnflmfl

312 719 313 724 Ὗ
357 743 886 850 annemundus

108 1053 172 1138 ut
195 1054 241 1137 u.
268 1015 483 1136 useinu
505 1047 687 1136 sumu
713 1051 1112 1143 scuumtnnu.

535 1353 693 1370 *u*—

352 1585 356 1592 ’
394 1607 456 1684 ut
476 1608 625 1664 nmnuu
646 1610 809 1666 rntunn.

129 1765 273 1828 Lactantii
286 1785 350 1841 qua
368 1766 501 1823 feruntur
519 1768 628 1824 scholia
642 1771 685 1824 ad
701 1771 892 1828 Achillesdem
910 1791 946 1829 ex
964 1793 1024 1829 uno
1038 1775 1138 1832 codice

84 1859 184 1917 edidit
198 1859 427 1938 Lindenbrogius
446 1882 453 1916 :
467 1861 568 1918 eadem
582 1862 618 1918 ad
631 1869 689 1928 alo
700 1863 813 1938 priores
827 1884 926 1923 versus
936 1866 1075 1924 inveniin
1087 1888 1138 1924 co·

84 1954 156 2012 dice
170 1954 277 2030 Regio,
291 1973 334 2009 nr.
350 1954 444 2024 8040,
457 1955 576 2012 membr.
593 1957 688 2012 saculi
705 1977 755 2028 ιι,
777 1957 917 2033 insignum
935 1960 1067 2018 lectionis
1083 1980 1135 2018 va·

83 2047 221 2106 rietatem
235 2057 263 2102 et
277 2047 469 2104 additamenta
485 2048 615 2122 qttaedam
629 2051 782 2124 prebente.
797 2053 883 2110 Unde
899 2073 964 2127 quae
975 2055 1020 2111 his
1032 2055 1137 2111 notulis

84 2139 242 2198 inserenda
256 2139 371 2214 putavi,
384 2139 482 2196 indico
494 2139 595 2198 litteris
603 2143 636 2198 L.
652 2145 682 2198 P.

132 2232 191 2288 Sed
196 2235 287 2309 plura
307 2246 414 2289 uacant
427 2231 464 2310 (v.
484 2231 522 2311 4).
542 2235 768 2312 «Subinteliige,
787 2256 851 2312 quae
869 2239 964 2295 omisit
987 2241 1137 2298 Homerus.

85 2324 230 2404 Virgilius
244 2324 380 2403 [AEneld.,
400 2346 427 2397 r,
445 2323 535 2402 4561:

199 2552 206 2565 .
223 2552 229 2565 .
245 2552 252 2565 .
269 2552 275 2565 .
290 2514 358 2565 Vidit
372 2524 396 2566 et
411 2515 493 2565 Iliacus
507 2532 537 2566 ex
551 2515 636 2565 urdine
651 2534 753 2583 pugnas,

87 2689 123 2746 id
142 2700 186 2746 est
205 2708 266 2745 non
283 2688 430 2763 usquead
450 2700 572 2746 mortem
592 2692 737 2763 Hectoris,
759 2693 811 2749 sed
830 2696 976 2769 usquead
994 2697 1137 2753 excidium

86 2781 187 2856 Trojae
201 2782 299 2857 pictas.
315 2785 414 2859 Pugna
426 2784 502 2840 enim
513 2787 664 2841 Amazone
677 2784 738 2863 [sic]
750 2788 871 2863 reginae,
887 2808 952 2864 quae
961 2790 991 2845 in
1000 2791 1138 2847 auxilium

87 2875 197 2933 Primi
216 2876 308 2947 venit,
329 2885 397 2950 post
412 2876 581 2933 defitnctum
595 2880 749 2935 Hectorem
769 2879 854 2935 suita
869 2883 900 2937 L.
918 2884 948 2937 P.
966 2883 1002 2937 lu
1016 2884 1139 2959 vulgatis

87 2972 152 3025 hac
160 2986 260 3025 manea
275 2978 304 3025 et
316 2979 460 3042 corrupta.

130 3062 314 3137 Depleut'mus
322 3058 362 3140 (v.
370 3060 409 3138 8).
420 3062 568 3119 «Bibimus
578 3074 606 3120 et
618 3064 772 3121 hausimus.
780 3088 797 3115 n
805 3066 837 3120 L.
848 3066 1010 3123 P.-ldem
1018 3086 1076 3142 seq.
1090 3087 1116 3123 v.
1131 3089 1138 3125 τ

89 3156 234 3224 secunda,
252 3156 417 3232 «quiajam
439 3158 612 3215 Thebaidem
628 3158 789 3233 scripserat.
806 3183 819 3210 s

134 3250 188 3311 Cui
195 3251 320 3327 gemme
334 3250 372 3328 (v.
391 3250 448 3327 15).
463 3276 479 3304 α
494 3253 627 3309 Ostendit
638 3254 837 3311 Domitianum
851 3272 910 3310 esse
920 3263 1016 3312 vatem
1025 3263 1053 3309 et
1069 3254 1140 3310 inri—

90 3343 247 3401 ctissimum
262 3343 497 3418 imperatoremm
511 3346 544 3401 J..
558 3349 587 3403 P.
600 3350 681 3403 -V.
697 3366 757 3421 seq.
770 3347 847 3403 Olim
860 3348 940 3402 dolet
948 3349 1041 3402 ultera
1053 3348 1138 3403 vaitei.

91 3462 108 3491 α
122 3442 213 3495 Poeta
226 3439 263 3495 ab
278 3440 437 3496 oratoria.»
451 3441 551 3496 Gnoss.
567 3443 658 3497 immo
676 3442 872 3515 unperatoria.

134 3535 273 3587 Incautas
288 3531 392 3589 blande
399 3534 560 3608 populatus
574 3536 714 3607 Amyclas
735 3533 773 3609 (r.
794 3531 853 3611 ar).
873 3535 1008 3609 «Argute
1028 3532 1140 3607 deprae-

90 3626 186 3681 datus.
201 3625 320 3703 Legitur
336 3625 366 3681 in
385 3625 511 3683 historiis
531 3627 613 3703 quod
631 3627 752 3700 Trojani
772 3647 837 3683 cum
854 3625 960 3683 Graecis
976 3626 1069 3682 soedus
1086 3627 1139 3681 ha-

90 3717 210 3775 buerint
223 3738 230 3773 :
245 3720 324 3775 unde
337 3719 421 3776 etiam
436 3720 513 3777 Paris
530 3732 572 3777 cst
585 3731 731 3796 susceptus
747 3720 889 3795 hospitio,
903 3730 932 3776 et
946 3719 986 3775 sic
1000 3720 1140 3775 commisit

91 3811 274 3869 adulterium.
284 3813 354 3869 Ideo
371 3814 410 3870 ait
422 3814 534 3870 blande.
546 3838 560 3866 n
578 3810 700 3891 (Eadem
712 3816 791 3871 Lact.
807 3814 845 3870 ad
857 3833 885 3869 r.
900 3811 979 3891 404.)
992 3811 1043 3868 His
1056 3812 1139 3867 editis

90 3904 234 3961 Lactantii
253 3904 284 3961 in
297 3904 355 3962 fine
368 3907 468 3962 scholii
486 3906 566 3963 addit
580 3909 642 3963 MS.
664 3927 672 3962 z
692 3907 818 3983 «Dictys
838 3906 978 3964 Cretensis
994 3910 1093 3961 narrlt
1109 3906 1140 3960 iu

89 3998 213 4055 historia
231 4019 318 4075 qnam
337 3999 373 4057 de
392 3999 504 4057 excidio
525 4002 618 4074 Trojae
640 4002 767 4076 scripsit,
786 4002 932 4057 Hecubam
948 3999 1052 4057 Priami
1066 3998 1139 4073 regis

92 4112 229 4167 uxorem,
238 4094 309 4151 dum
318 4105 389 4151 esset
401 4114 552 4170 praegnans
566 4095 705 4169 eParide‚
714 4098 805 4152 facem
817 4115 870 4171 per
879 4094 1004 4170 quietem
1018 4092 1138 4149 edidisse
