2934 4950
367 448 403 483 uo
688 423 903 480 THEBAIDOS
925 423 1035 479 LIBER
1058 423 1106 478 lv.
1297 422 1393 490 (altit.)

363 557 505 650 Pignus,
528 569 561 623 et
578 553 741 646 oppositis
759 549 911 622 Semelen
929 575 949 618 a
965 565 1081 620 ventre
1098 549 1238 621 lacertis.

364 676 514 744 Penthea
524 674 594 768 jam
613 674 726 743 fractis
747 674 893 769 genitrix
908 671 1067 742 Cadmeia
1086 673 1233 768 thyrsis,

362 801 438 866 lam
460 795 594 865 dimissa
609 799 699 885 Deo,
717 809 902 891 pectusque
919 793 1078 888 adaperta
1100 810 1294 882 artnentum,

363 920 559 1012 Insequitur
579 916 715 1011 planctu
732 944 740 985 :
760 916 848 1012 fugit
866 914 922 985 ille
940 941 1000 1009 per
1021 917 1097 985 avia
1115 917 1260 1002 Lethes,

363 1043 407 1109 Et
428 1041 580 1135 Stygios,
600 1063 806 1134 superosque
826 1036 934 1126 lacus,
954 1038 1013 1106 ubi
1034 1039 1149 1107 mitior
1165 1027 1261 1108 illum

296 1137 299 1144 Ι
364 1158 440 1230 Flet
457 1176 572 1256 pater,
593 1167 626 1228 et
642 1158 793 1229 lacerum
810 1161 986 1254 componit
1003 1184 1127 1254 corpus
1147 1160 1290 1229 Echion.

365 1284 637 1362 Tristemnosco
656 1285 802 1376 Lycum,
822 1281 1042 1376 dextramque
1059 1282 1094 1350 in
1116 1297 1212 1375 terga
1226 1281 1374 1350 reflexum

366 1403 535 1491 AEoliden,
554 1405 699 1472 'humero
717 1403 904 1497 jactantem
924 1401 1025 1472 funus
1045 1417 1180 1471 onusto.
1293 1381 1295 1386 ¹

363 1530 438 1597 ¹Nec
458 1527 540 1596 dum
556 1524 611 1595 ille
629 1540 689 1594 aut
710 1525 861 1609 habitus,
880 1539 940 1594 aut
956 1549 1057 1593 versae
1077 1509 1219 1592 crimina
1235 1523 1345 1592 forma

367 1653 481 1719 Mutat
496 1650 637 1720 Aristaeo
657 1649 792 1742 genitus
813 1671 821 1712 :
844 1647 936 1715 frons
958 1671 1077 1741 aspera
1097 1671 1222 1731 cornu,

362 1768 448 1869 3Tela
466 1795 585 1856 manu,
605 1770 779 1862 rejicitque
796 1793 895 1838 canes
913 1770 948 1838 in
966 1766 1089 1837 vulnus
1108 1751 1250 1838 hiantes.

368 1897 455 1962 Ecce
475 1907 588 1961 autem
608 1915 728 1986 magna
748 1891 839 1960 subit
856 1891 1021 1960 invidiosa
1038 1903 1173 1959 caterva

369 2011 541 2102 Tantalis,
561 2029 597 2082 et
613 2011 743 2082 tumido
765 2027 939 2107 percenset
958 2012 1076 2081 lunera
1094 2011 1209 2098 luctu,

371 2133 428 2205 Nil
448 2136 576 2230 dejecta
594 2133 691 2205 malis
709 2161 716 2203 :
733 2137 830 2228 juvat
847 2135 1003 2230 effugisse
1022 2137 1175 2204 Deorum
1264 2117 1265 2120 Ἴ

371 2259 543 2340 Numina,
565 2272 600 2325 et
618 2258 749 2327 insauae'
764 2257 839 2351 plus
857 2258 927 2351 jam
946 2259 1141 2352 permittere
1162 2255 1325 2352 linguan

421 2377 516 2448 Talin
536 2378 616 2448 dum
636 2381 724 2476 patri
745 2380 836 2450 canit
857 2382 1056 2451 intemerata
1079 2377 1253 2469 sacerdos,

373 2502 470 2573 lllius
488 2502 585 2573 elatis
601 2504 799 2574 tremefacta
817 2530 991 2600 assurgere
1008 2507 1103 2575 vittis

374 2627 539 2715 Canities,
558 2629 719 2722 tenuique
739 2622 865 2722 impelli
882 2630 1048 2723 sanguine
1069 2626 1193 2697 vultus.

375 2752 447 2819 Nec
461 2750 531 2843 jam
551 2748 701 2818 firmanti
721 2747 858 2838 baculo,
879 2774 942 2817 nec
960 2750 1091 2846 virgine
1110 2750 1175 2818 fida

375 2872 532 2942 Nititur:
550 2886 750 2966 erectusque
767 2870 852 2943 solo:
877 2902 894 2939 α
910 2874 1043 2943 Desiste
1061 2858 1238 2960 canendo,

377 2996 481 3082 Nata,
501 2996 565 3079 ait;
589 3008 736 3063 externae
752 2996 832 3063 satis
849 3011 900 3065 est
917 2996 1000 3064 mihi
1020 2994 1121 3079 lucis;
1144 2995 1272 3066 inertes

376 3115 564 3186 Discedunt
581 3114 729 3203 nebulae,
751 3132 784 3184 ct
806 3115 937 3185 vultum
957 3119 1053 3213 niger
1075 3118 1170 3186 exuit
1190 3142 1256 3186 aer.

378 3229 574 3327 Umbrisne,
594 3262 638 3307 an
656 3262 779 3332 supero
797 3262 850 3308 me
868 3240 989 3308 missus
1007 3237 1165 3333 Apolline
1185 3238 1330 3333 complet

378 3358 548 3454 Spiritus?
564 3384 606 3428 en
624 3358 723 3430 video
739 3385 947 3454 quaecunque
964 3360 1091 3430 audita.
1111 3360 1176 3432 Sed
1196 3386 1273 3431 ecce

379 3484 525 3551 Moerent
543 3480 690 3576 Argolici
711 3482 842 3576 dejecto
859 3480 987 3553 lumine
1010 3506 1135 3553 manes.

378 3608 511 3674 Torvus
529 3604 632 3692 Abas,
653 3607 853 3698 Proetusque
874 3630 1015 3693 nocens,
1038 3606 1197 3699 mitisque
1221 3602 1412 3677 Phoroneus,

379 3728 636 3819 Truncatusque
654 3725 794 3821 Pelops,
813 3740 846 3795 et
865 3751 951 3827 saeuo
969 3725 1111 3821 pulvere
1129 3725 1269 3795 sordens

382 3852 594 3931 OEnomaus,
617 3846 717 3944 largis
736 3849 930 3920 humectant
952 3849 1118 3920 imbribus
1137 3872 1206 3919 ora.

382 3974 540 4064 Auguror
556 3970 636 4038 hinc
653 3972 778 4042 Thebis
795 3968 875 4040 belli
893 3969 1033 4040 meliora
1052 3998 1059 4039 :
1078 3972 1160 4065 quid
1182 3985 1292 4040 autem

384 4092 427 4161 Hi
444 4114 544 4186 grege
557 4090 728 4161 condenso
742 4093 923 4187 (quantum
939 4116 1034 4163 arma
1049 4108 1083 4162 et
1097 4091 1237 4162 vulnera
1251 4092 1410 4160 monstrant
