2934 4950
90 395 206 459 (van.)
390 390 647 448 acuunmuos
667 391 782 450 usna
799 393 822 449 1.
954 372 956 375 ’
1077 398 1134 466 ηε

86 521 240 592 Armenti
262 541 375 618 reges,
392 533 493 613 atque
507 543 639 613 aequum
654 521 818 590 moenibus
834 519 966 607 orbem,

89 640 245 714 Consiliis
259 641 427 734 armisque
443 639 523 734 vigil
543 641 725 711 contendat
744 641 881 732 Ulixes3

88 767 208 836 Omnis
226 765 261 834 in
277 765 449 834 absentem
466 762 543 833 belli
561 789 680 834 manus
696 765 791 836 ardet
807 767 992 856 Achillem3

86 893 219 962 Nomen
236 885 375 959 Achillis
394 901 526 974 amant,
544 903 578 957 et
598 888 633 956 in
649 891 794 959 Hectora
815 889 905 960 solus
923 889 1070 962 Achilles
1134 915 1140 924 ·

85 1013 240 1083 Poscitur
258 1037 266 1081 τ
284 1008 380 1080 illum
401 1034 507 1079 unum
522 1010 659 1080 Teucris
674 1012 875 1106 Priamoque
891 1011 1077 1106 loquuntur

86 1133 233 1205 Fatalem
250 1160 258 1202 ι
276 1135 351 1228 quis
370 1135 458 1203 enim
475 1135 656 1203 Hemoniis
673 1135 735 1204 sub
756 1134 898 1204 vallibus
915 1133 998 1204 alter

86 1257 256 1346 Creverit,
275 1255 395 1326 effossa
413 1271 550 1352 reptans
565 1257 667 1326 nive?
683 1257 779 1352 cujus
793 1258 835 1326 ab
852 1271 930 1325 ortu

86 1378 202 1450 Cruda
218 1377 409 1447 rudimenta
421 1391 460 1446 et
479 1391 610 1447 teneros
628 1378 822 1449 formaverit
840 1402 946 1449 annos

85 1497 299 1569 Centaurus?
316 1500 417 1594 patrii
434 1500 573 1595 propior
587 1501 641 1568 oui
660 1498 750 1570 linea
766 1499 866 1571 coeli?

85 1625 238 1712 Quemve
252 1619 357 1690 alium
378 1621 510 1716 Stygios
527 1619 640 1691 tulerit
662 1637 789 1692 secreta
805 1647 865 1717 per
884 1647 998 1692 amnes

84 1742 230 1818 Nereis?
245 1758 280 1813 et
295 1741 453 1838 pulchros
471 1742 561 1812 ferro
576 1745 809 1840 perstrinxerit
828 1746 946 1814 artus?

83 1873 164 1938 Haec
182 1867 292 1937 Graiae
312 1866 428 1934 castris
447 1866 588 1954 iterant,¹
599 1865 811 1960 'traduntque
830 1868 995 1937 cohortes.

84 1989 184 2062 Cedit
203 1988 303 2058 turba
321 1986 465 2074 ducum,
483 1988 641 2083 vincique
654 1987 747 2058 haud
766 2003 883 2058 moesta
899 1989 1034 2058 fatetur.

134 2112 193 2182 Sic
209 2134 315 2204 quum
331 2105 491 2180 bellantes
507 2107 676 2205 Phlegraea
693 2111 728 2178 in
746 2125 854 2180 castra
869 2106 998 2179 coirent

82 2230 268 2320 Coelicolae,
281 2232 417 2326 jamque
433 2230 612 2326 Odrysiam
630 2231 799 2302 Gradivus
815 2233 850 2300 in
869 2231 999 2301 hastam

83 2359 263 2450 Surgeret,
279 2369 314 2427 et
328 2351 472 2448 Libycos
486 2353 637 2423 Tritonia
655 2351 786 2422 tolleret
801 2378 948 2447 angues,

83 2483 327 2575 ingentemque
344 2500 449 2545 manu
470 2490 626 2545 curvaret
644 2474 762 2546 Delius
782 2500 918 2561 arcum3

84 2602 203 2681 Stabat
223 2598 342 2669 anhela
359 2612 451 2669 metu
470 2596 580 2667 solum
596 2599 726 2669 Natura
745 2600 933 2667 Tonantem

83 2722 298 2819 Respiciens3
316 2718 453 2815 quando
472 2717 529 2789 ille
543 2718 668 2789 hiemes
684 2721 896 2814 tonitrusque
910 2736 1046 2789 vocaret

83 2844 258 2929 Nubibus,
277 2842 453 2939 igniferam
471 2865 546 2935 qua
564 2839 706 2914 fulmina
724 2858 877 2936 posceret
895 2844 1038 2912 AEtnam.

130 2970 244 3060 Atque
261 2964 307 3034 ibi
327 2963 409 3034 dum
426 2964 530 3033 mixta
548 2962 660 3033 vallati
681 2962 778 3058 plebe
797 2987 934 3033 suorum

82 3091 125 3157 Et
143 3088 247 3158 maris
265 3101 298 3156 et
315 3083 394 3181 belli
412 3084 603 3155 consultant
624 3099 775 3180 tempora
792 3110 906 3181 reges,

82 3210 296 3304 increpitans
314 3232 435 3304 magno
457 3222 566 3277 vatem
584 3206 769 3279 Calchanta
788 3208 955 3295 tumultu,

82 3330 286 3402 Protesilaus
304 3334 351 3401 ait
368 3330 533 3427 (namque
552 3332 631 3400 huic
643 3329 775 3413 ¹bellare
793 3314 916 3427 cupido

82 3455 277 3549 Praecipua,
295 3468 329 3522 et
347 3420 462 3549 primm
479 3454 550 3547 jam
567 3466 649 3521 tunc
667 3452 749 3544 data
764 3455 861 3548 copia
877 3453 1021 3549 mortis)
1036 3482 1043 3521 :

132 3606 150 3642 r
169 3578 203 3645 Ο
221 3576 362 3663 nimium
379 3574 512 3660 Phoebi,
531 3575 767 3670 tripodumque
785 3575 886 3646 oblite
905 3579 1057 3665 tuorum,

82 3693 298 3767 Thestoride!
320 3695 455 3791 quando
473 3720 533 3764 ora
552 3700 627 3766 Deo
646 3721 796 3791 possessa
814 3697 963 3767 movebis

82 3819 233 3890 iustius?
251 3834 310 3888 aut
327 3820 463 3914 qnando
482 3824 663 3890 Parcarum
683 3817 815 3889 occulta
832 3818 1005 3889 recludes?

84 3943 220 4033 Cernis,
240 3958 278 4013 ut
297 3943 450 4039 ignotum
472 3944 585 4013 cuncti
604 3956 824 4038 stupeantque
844 3956 1027 4039 petantque

87 4066 270 4138 AEaciden?
292 4066 405 4137 sordet
425 4064 526 4161 vulgo
545 4064 750 4160 Calydonius
767 4066 884 4153 heros,

933 4188 985 4256 18.
