2934 4950
50 373 162 437 (13⁰⁵)
366 369 583 428 manuos
602 372 714 429 mua
733 373 767 428 V.
1055 375 1093 440 tp

92 501 231 566 Interea
249 495 394 590 campis,
414 497 563 566 nemoris
580 520 673 564 sacer
692 496 816 565 horror
832 491 962 581 achei,

48 618 228 712 Terrigena
243 616 387 712 origitur
401 639 555 712 serpens,
574 630 750 710 tractuque
766 613 875 686 soluto

46 742 231 806 lrnmanem
245 761 316 806 sese
327 736 437 825 vehit,
452 759 492 805 ac
506 750 584 832 post
597 750 690 831 terga
705 734 873 830 relinquit.

47 857 168 927 livida
182 856 238 926 sax
251 855 378 926 oculis:
395 856 515 926 tumidi
528 872 596 926 stat
610 858 646 926 in
661 881 721 927 ore
733 857 853 926 veneni

47 984 175 1076 Spuma
186 979 319 1066 virens,
336 992 388 1048 ter
400 977 516 1075 lingua
528 978 655 1067 vibrat,
670 993 766 1048 terna
780 979 913 1074 agmina
928 975 1049 1048 adunci

47 1105 183 1190 Dentis,
200 1114 237 1171 et
250 1115 375 1170 auratae
392 1097 535 1170 crudelis
550 1098 657 1196 gloria
673 1099 793 1170 fiontis

47 1225 229 1294 Prominet.
246 1222 385 1292 Inachio
400 1237 554 1291 sanctum
570 1221 684 1291 dixere
699 1223 846 1292 Tonanti

47 1344 234 1442 Agricolae,
254 1345 307 1416 cui
319 1357 409 1412 'cura
427 1342 511 1427 loci,
529 1358 564 1412 et
580 1341 786 1412 silvestribus
804 1343 870 1414 aris

48 1472 179 1562 Pauper
192 1466 302 1535 honos
317 1491 325 1534 ι
340 1491 431 1535 nunc
446 1463 502 1534 ille
516 1465 580 1534 Dei
595 1464 802 1534 circumdare
817 1461 940 1558 templa

48 1590 139 1660 Orbe
157 1611 247 1683 vago
263 1587 396 1675 labens,
417 1589 543 1656 misera
561 1611 651 1656 nunc
671 1586 794 1655 robora
812 1583 901 1655 silvae

47 1712 187 1799 atterit,
210 1723 244 1780 et
260 1725 371 1779 vastas
388 1723 504 1778 tenuat
520 1705 747 1803 complexibus
763 1732 874 1778 ornos.

48 1838 142 1930 Saepe
162 1857 264 1929 super
281 1831 399 1901 fluvios
419 1832 558 1927 geminae
572 1832 662 1926 jacet
681 1855 803 1926 aggere
819 1831 900 1926 ripae

49 1959 257 2044 Continuus,
274 1955 486 2049 squamaque
503 1953 626 2022 incisus
642 1951 803 2022 adaestuat
820 1953 936 2022 munis.
1016 1941 1018 1944 ⁵

50 2081 111 2150 Sed
133 2103 229 2148 nunc
248 2078 371 2174 Ogygii
384 2077 484 2168 jussis
501 2074 637 2169 quando
656 2076 766 2144 omnis
785 2073 921 2146 anhelat

49 2208 153 2272 Terra
171 2201 256 2287 Dei,
278 2199 478 2295 trepideque
494 2197 598 2266 latent
615 2199 650 2265 in
669 2195 807 2292 pulvere
825 2197 1006 2292 Nymphae,

51 2329 174 2395 Saevior
194 2322 345 2394 anfractu
362 2320 504 2391 laterum
523 2320 658 2390 sinuosa
675 2334 875 2412 retorquens

50 2425 157 2545 Terga
172 2445 261 2533 solo,
276 2445 422 2538 siccique
433 2467 556 2513 nocens
570 2441 653 2511 furit
665 2442 743 2537 igne
756 2443 883 2529 veneni.

52 2575 176 2666 Stagna
192 2594 268 2665 per,
281 2582 478 2659 arentesque
490 2564 598 2653 lacus,
614 2563 788 2658 sontesque
804 2588 972 2659 repressos

54 2692 225 2779 Volvitur,
241 2705 274 2759 et
287 2691 401 2758 vacuis
415 2688 594 2758 fluviorum
609 2688 645 2756 in
660 2684 801 2755 vallibus
815 2700 927 2756 errat:

53 2814 269 2906 Incertusque
282 2812 334 2881 sui
349 2809 512 2905 liquidum
528 2834 619 2879 nunc
633 2833 711 2878 aera
725 2806 842 2878 lambit

54 2942 120 3007 Ore
137 2934 314 3028 supinato,
335 2958 426 3002 nunc
443 2956 522 3001 arva
542 2934 709 3028 gementia
728 2930 847 3001 radens

54 3061 183 3127 Pronus
200 3054 346 3125 adhaeret
362 3054 482 3143 humo,
503 3056 531 3123 si
550 3053 631 3147 quid
649 3053 828 3123 viridantia
847 3052 968 3123 sudent

55 3182 216 3249 Gramina
235 3205 243 3247 ε
263 3200 426 3273 percussa
445 3174 562 3245 calidis
579 3174 744 3245 afflatibus
760 3176 886 3265 herbae,

57 3304 130 3390 Qua
150 3300 229 3369 tulit
245 3324 320 3388 ora,
339 3298 480 3382 endunt,
497 3298 705 3392 moriturque
722 3297 766 3367 ad
783 3297 879 3368 sibila
895 3322 1041 3395 campus.

100 3423 256 3512 Quantus
272 3421 315 3489 ab
330 3420 461 3489 Arctois
478 3419 683 3489 discriminat
698 3420 820 3489 aethera
835 3409 1001 3517 plaustris¹
1018 3460 1021 3467 ·

56 3545 180 3639 Anguis
196 3542 240 3611 ad
255 3566 361 3635 usque
376 3542 502 3630 Notos,
520 3539 736 3635 alienumque
752 3544 820 3614 exit
835 3545 871 3613 in
887 3544 1001 3615 orbem
1017 3570 1025 3613 τ
1058 3588 1060 3593 -

58 3663 207 3751 Quantus
227 3677 260 3733 et
279 3661 335 3732 ille
354 3664 439 3731 sacri
459 3662 556 3756 spiris
577 3665 703 3731 intorta
722 3664 879 3734 movebat

58 3786 189 3855 Cornua
208 3786 380 3870 Parnassi,
399 3783 506 3852 donec
524 3784 602 3870 tibi,
622 3783 734 3873 Delie,
752 3784 836 3854 fixus
862 3828 865 3835 ·
896 3834 921 3847 ‚a

58 3908 151 3975 Venit
164 3906 385 3976 arundineam
403 3921 545 3977 centeno
563 3904 702 3976 vulnete
718 3906 846 3977 silvam.

105 4027 186 4116 Quis
202 4028 282 4116 tibi,
301 4051 422 4121 parvo,
440 4031 532 4097 Deus
548 4042 616 4098 tam
632 4031 743 4125 magni
759 4032 908 4125 pondera
924 4034 980 4106 sati
