2934 4950
331 335 388 390 noll
651 327 865 384 Tltunslnos
885 325 996 382 LIBER
1018 325 1056 380 11.
1267 319 1366 383 (wll

334 461 454 552 Longa
471 456 544 526 sitis
560 454 726 544 latebras,
745 469 899 547 totosque
916 453 1044 548 agitata
1059 471 1120 543 per
1139 461 1248 533 artus,

335 580 509 648 Convocat
525 579 562 646 in
578 576 691 646 fauces
711 591 746 646 et
767 597 925 668 squamea
941 570 1027 642 colla
1045 592 1230 640 venenum:

382 699 552 796 «Cognita
569 699 597 767 si
612 696 722 768 dubiis
738 696 851 766 fratris
867 695 950 766 mihi
964 693 1078 790 jurgia
1097 691 1201 790 signis
1277 771 1283 782 ,

333 828 421 894 Ante
438 821 565 908 forent,
583 844 646 890 nec
667 816 758 889 clara
775 818 930 919 odiorum
945 841 1067 887 arcana
1087 828 1255 910 paterent,

337 941 515 1015 Sufficeret
534 940 586 1012 vel
605 941 675 1012 sola
693 939 878 1036 fides,qua
897 955 1027 1029 torvus,
1044 953 1078 1008 et
1095 935 1190 1007 illurn
1285 1013 1289 1020 ¹

336 1068 453 1134 Mente
472 1087 609 1160 gerens,
627 1087 689 1132 ocu
708 1077 803 1157 septa
820 1087 927 1132 novus
943 1062 1013 1156 jam
1031 1059 1153 1129 moenia
1172 1056 1261 1130 laxet

334 1189 467 1274 Fossor,
488 1200 523 1255 et
539 1182 676 1253 hostiles
692 1181 868 1254 inimicent
886 1180 1020 1252 classica
1036 1195 1181 1268 turmas,

336 1307 492 1377 Praefuris
510 1331 518 1374 :
536 1305 576 1374 in‘
588 1302 717 1374 medios
734 1305 763 1374 si
778 1304 932 1372 cominus
951 1327 1027 1372 orsa
1045 1300 1177 1373 tulisses

330 1417 508 1517 Bistonas,
524 1441 584 1497 aut
601 1425 719 1522 refugo
741 1423 902 1521 pallentes
918 1424 989 1495 sole
1007 1423 1173 1514 Gelonos,

336 1553 473 1622 Parcior
491 1547 655 1644 alloquio,
672 1563 706 1619 et
719 1545 822 1617 medii
840 1549 1046 1617 reverentior
1064 1548 1150 1648 nequi
1201 1529 1205 1538 ⁴
1229 1619 1233 1628 ,

337 1673 505 1769 Inciperes
520 1697 527 1740 :
545 1694 657 1764 neque
672 1685 705 1740 te
725 1667 915 1739 furibundae
930 1669 1069 1742 crimine
1084 1669 1206 1740 mentis

337 1794 532 1890 Arguerirn,
548 1789 706 1861 mandata
722 1789 827 1860 refers
843 1816 851 1860 :
870 1814 978 1892 nunc,
996 1790 1118 1868 omnia,
1130 1790 1265 1886 quando

339 1913 442 1985 Plena
462 1915 576 2002 minis,
592 1935 657 1982 nec
676 1925 808 2007 sceptra
824 1909 906 2000 fide,
923 1936 986 1980 noc
1003 1936 1086 2007 pace
1096 1927 1276 2008 sequestra

338 2035 491 2123 Poscitis,
508 2048 543 2103 et
559 2031 681 2128 capulo
701 2035 840 2129 propior
858 2056 994 2124 manus3
1013 2033 1083 2102 haec
1103 2035 1263 2130 mearegi

339 2153 515 2252 Argolico,
534 2153 687 2225 nondum
707 2179 803 2252 sequa
820 2155 902 2244 tuis,
919 2155 991 2224 vice
1008 2154 1097 2224 dicta
1114 2169 1269 2250 reporta:

388 2307 406 2343 α
416 2278 503 2368 Quae
519 2301 591 2346 sors
606 2277 698 2371 justa
716 2276 817 2364 mihi,
833 2300 907 2370 quae
922 2299 991 2345 non
1008 2273 1175 2346 indebitus
1191 2276 1286 2348 anuis

335 2400 479 2495 *Sceptra
497 2395 619 2467 dicavit
634 2397 764 2487 honos,
783 2412 899 2486 teneo,
914 2393 1121 2495 longumque
1137 2399 1269 2469 tenebo.

341 2524 390 2590 Te
410 2544 511 2617 penes
525 2520 669 2590 lnachiae
685 2518 806 2590 dotalis
823 2522 915 2615 regia
932 2520 1023 2591 dono

340 2642 514 2737 Conjugis,
531 2657 565 2712 ct
580 2644 706 2712 Danaa
722 2640 820 2737 (quid
837 2642 926 2711 eninr
940 2644 1123 2737 majoribus
1139 2646 1221 2713 actis

339 2760 553 2859 Invideami)
573 2760 790 2834 cumulentur
809 2786 891 2858 opes
907 2790 915 2833 :
931 2761 1084 2835 felicibus
1101 2771 1208 2861 Argos
1232 2834 1235 2840 ,
1274 2854 1277 2861 Ι

339 2885 520 2983 Auspiciis,
537 2890 755 2985 lernamque
766 2908 863 2981 regas
879 2911 887 2955 :
904 2910 965 2955 nos
983 2885 1122 2956 horrida
1138 2888 1257 2957 Dirces

269 3043 273 3052 ·
340 3012 484 3098 Pascua,
502 3023 538 3078 et
553 3006 875 3079 Euboicisarctatas
893 3007 1049 3079 fluctibus
1066 3034 1158 3100 oras,

341 3132 420 3200 Non
441 3128 607 3225 indignati
621 3129 785 3199 miserum
803 3128 926 3201 dixisse
946 3146 1119 3225 parentem

341 3248 545 3344 OEdipoden
563 3275 571 3318 :
589 3250 651 3319 tibi
669 3248 764 3345 larga
781 3248 934 3346 (Pelops,
952 3265 986 3319 et
1004 3250 1164 3323 Tantalus
1181 3254 1317 3351 auctor)

341 3368 526 3461 Nobilitas,
547 3371 752 3466 propiorque
770 3369 853 3439 fluat
872 3369 914 3441 dc
931 3372 1101 3471 sanguine.
1106 3374 1225 3469 juncto

323 3492 496 3587 ¹‚luppiter
514 3518 523 3561 ε
542 3516 630 3562 anne
648 3490 732 3561 feret
753 3490 836 3562 luxu
854 3506 1013 3563 consueta
1033 3502 1173 3590 paterno

342 3617 440 3684 Hune
459 3614 574 3709 regina
591 3612 714 3683 larem?
732 3616 927 3683 nostraecui
943 3618 1019 3715 jure
1038 3640 1170 3687 sorores

342 3736 450 3805 Anxia
467 3758 569 3829 pensa
587 3734 743 3821 trahant3
762 3733 866 3831 longo
885 3760 987 3831 quarn
1007 3736 1140 3810 sordida
1157 3737 1252 3809 luctu
1293 3756 1296 3763 ’

342 3859 463 3943 Mater,
479 3868 513 3925 ct
533 3880 574 3923 ex
589 3855 666 3924 imis
680 3853 815 3925 auditus
831 3854 918 3925 forte
934 3858 1081 3929 tenebris

282 4067 288 4077 Ι
341 3975 500 4048 offendat
518 3999 612 4045 socer
631 3974 685 4045 ille
700 3998 810 4046 senex.
838 3981 943 4053 alam
963 3996 1099 4075 pectora
1116 3980 1207 4077 vulgi
