2934 4950
50 421 88 482 (¹-
101 417 173 482 355·)
347 411 574 478 ἸΤΙῙΕΒΔΙΒΟΕ
596 419 706 478 utana
729 412 783 477 XI.

52 548 230 642 Antigone
250 543 360 614 furata
375 541 522 638 gradus,
540 568 601 614 nee
617 559 707 614 casta
725 544 874 614 retardat

51 669 267 764 Virginitas,
286 663 378 735 volat
397 667 520 761 Ogygii
538 664 671 761 fastigia
687 668 777 737 muri
841 742 843 745 .

50 795 264 885 Exsuperare
282 787 397 858 furens
414 814 423 856 :
442 789 554 858 senior
569 812 678 858 comes
697 789 802 860 heret
819 792 912 860 eunti

50 919 172 1001 Actor,
192 926 226 980 et
243 911 299 980 hic
314 910 461 980 ‘summas
481 935 550 982 non
569 909 752 980 duraturus
769 910 813 981 ad
831 937 933 985 arces.

52 1037 174 1130 thue
191 1032 308 1129 procul
325 1034 405 1102 visis
424 1031 574 1128 paullum
592 1032 759 1104 dubitavit
777 1035 950 1122 inarmis,

53 1157 275 1252 Agnovitque
290 1154 403 1251 (nefas
413 1152 443 1250 l)
459 1153 578 1249 jaculis
595 1171 629 1225 et
646 1181 730 1228 voce
750 1156 894 1252 superba

52 1284 159 1350 Tecta
180 1280 418 1367 incessentem,
433 1301 556 1374 magno
572 1280 666 1375 prins
685 1283 800 1351 omnia
816 1278 955 1376 planetu

53 1401 195 1497 Implet,
211 1416 245 1472 et
263 1401 406 1470 e'mnris
426 1423 488 1470 een
505 1399 702 1471 descensura
721 1401 876 1498 profatur
894 1428 902 1471 ε

88 1520 725 1618 «Comprimetelamanu,pauilumque
735 1523 822 1592 hane
831 1522 965 1618 adspice
973 1525 1107 1611 turrim,

55 1650 189 1731 Frater,
205 1660 240 1714 et
258 1621 432 1738 horrentes
452 1642 539 1717 refer
555 1643 591 1734 in
607 1669 681 1714 mea
697 1642 825 1714 lumina
840 1646 967 1714 cristas.
1119 1632 1123 1644 ’

55 1766 266 1861 Agnoscisne
282 1763 415 1834 hostes?
431 1767 479 1840 sie
497 1789 609 1835 annua
626 1781 745 1861 pacta,
761 1747 930 1860 fidemque

55 1885 256 1957 Poseimus?
273 1887 309 1957 hi
327 1886 488 1981 questus?
505 1888 576 1957 hec
592 1901 643 1956 est
661 1887 752 1957 bona
769 1912 869 1958 eausa
888 1887 1029 1957 modesti

58 2007 215 2080 Exsulis?
232 2006 407 2104 Argolicos
422 2033 484 2104 per
501 2023 553 2098 te,
571 2033 747 2104 germane,
767 2025 903 2104 penates

58 2142 71 2226 q
82 2132 171 2200 Nam
190 2132 299 2225 Tyriis
316 2132 386 2225 jem
405 2128 519 2201 nullus
537 2128 685 2226 honos),
705 2155 767 2226 per
786 2131 815 2199 si
831 2129 914 2226 quid
928 2133 965 2199 in
981 2128 1038 2198 itta

57 2252 168 2326 Dulce
186 2252 306 2341 domo,
323 2252 482 2322 submitte
504 2245 657 2323 animos:
677 2276 718 2320 en
739 2266 882 2347 utraque
899 2253 1007 2346 gentis

58 2377 175 2446 Turba
196 2388 337 2470 rogant,
354 2374 525 2470 ambaeque
542 2376 630 2446 acies
647 2399 656 2442 ε
676 2388 774 2468 rogat
791 2371 849 2444 illa
868 2397 1007 2443 suorum

59 2500 233 2593 Antigone
249 2497 368 2567 devota
384 2496 499 2599 maiis,
517 2512 736 2593 suspectaque
752 2498 843 2593 regi,

58 2626 103 2691 Et
122 2635 257 2691 tantum
273 2600 359 2708 tua,
370 2619 471 2709 dure,
487 2644 583 2691 soror
598 2645 607 2689 ε
625 2618 742 2690 saltem
760 2644 820 2690 ora
838 2605 1013 2713 trucesque

59 2742 161 2813 Solve
179 2767 280 2839 genas
295 2769 303 2811 :
318 2741 417 2813 liceat
431 2742 546 2813 vultus
566 2744 704 2813 fortasse
721 2766 914 2838 supremum

61 2868 211 2935 Nascere
226 2862 387 2950 dilectos,
404 2878 455 2953 et,
472 2864 515 2935 ad
535 2866 606 2935 hec
624 2864 791 2953 lamenta,
807 2862 941 2951 videre,

60 2990 159 3057 Anne
177 2985 258 3057 fleas
277 3011 285 3055 :
304 2984 401 3055 illum
420 2988 545 3082 gemitu
564 2988 633 3083 jam
651 2984 803 3083 supplice
822 3002 930 3058 mater

61 3109 223 3202 Frangit,
242 3123 276 3179 et
296 3124 446 3179 exartum
467 3109 632 3181 dimittere
650 3110 774 3180 dieitur
791 3135 913 3179 ensem.
988 3194 992 3202 1
1030 3163 1033 3170 .

60 3235 114 3300 Tu
136 3229 220 3301 mihi
236 3230 332 3301 sortis
348 3230 481 3301 adhuc?
495 3233 596 3323 mihi,
613 3257 686 3327 quaa
696 3222 761 3304 tua
778 3249 877 3319 noete
895 3233 1015 3329 dieque

61 3349 189 3422 Exsilia
208 3378 405 3448 erroresque
415 3352 510 3423 fleo?
524 3355 594 3449 jam
608 3355 746 3450 jamque
762 3370 946 3425 tumentem

54 3466 196 3545 'Placavi
217 3474 298 3562 tibi,
315 3500 420 3563 saeve,
440 3478 570 3571 patrem
587 3503 595 3545 ε
613 3475 696 3572 quid
716 3478 855 3546 crimine
873 3474 975 3546 solvis

64 3594 300 3665 Garumnam?
315 3622 435 3693 nempe
451 3597 511 3668 ille
525 3597 624 3667 fidem
644 3612 677 3667 et
694 3596 782 3701 stata
796 3598 922 3667 foedera
939 3598 1051 3693 rupit,

63 3715 125 3785 Ille
144 3743 285 3807 nocens,
307 3744 478 3815 saevusque
496 3722 564 3790 suis
581 3748 590 3789 :
610 3736 720 3790 tamen
740 3746 815 3791 ecee
836 3735 972 3791 vocatus

64 3842 145 3907 Non
162 3842 265 3910 venit.
280 3870 297 3905 n
316 3842 376 3911 His
392 3838 543 3937 paullum
559 3843 655 3913 furor
670 3840 905 3938 elanguescere
920 3842 1016 3913 dietis

65 3964 461 4060 Coeperat„ohstreperet
475 3990 666 4061 quanquam
684 3982 785 4062 atque
801 3968 946 4038 obstaret
960 3970 1113 4063 Erinnys.

65 4087 139 4151 Jam
155 4086 318 4156 submissa
336 4096 473 4176 manus,
495 4086 583 4159 lente
601 4090 672 4183 jam
690 4089 796 4163 flectit
813 4090 982 4177 habenas,
