2934 4950
31 327 156 390 (mss.)
348 323 560 382 unanimos
581 326 692 382 mnan
711 327 778 383 xu.
857 355 860 359 -
1030 325 1092 400 ἡ,

31 457 100 521 Per
118 451 242 521 fluvios
259 473 374 520 securo
395 450 489 538 vadi,
508 473 710 547 somnosque
730 450 877 522 ferarum

30 577 177 660 Praeter,
196 586 230 642 et
244 570 422 642 horrendis
440 573 566 642 insessa
584 570 710 642 cuhilia
726 575 896 642 monstris.

29 699 188 764 Tantum
206 693 331 782 animi,
348 691 526 788 luctusque
541 691 668 766 valent!
690 694 797 790 pudet
818 696 867 766 ire
882 697 1055 765 Menoeten

28 816 207 904 Tardius,
226 811 447 909 invalidaeque
465 814 605 910 gradum
624 817 765 886 miratur
779 815 933 886 alumnae.

29 940 135 1027 Quas
149 962 217 1005 uon
232 933 290 1006 illa
301 934 421 1006 domos
437 961 665 1033 pecorumque
676 937 922 1033 hominumque
938 938 1088 1010 modesto

29 1056 189 1127 Pulsavit
207 1057 353 1153 gemitu?
368 1059 499 1152 quoties
518 1059 659 1130 amissus
677 1061 771 1138 eunti
788 1132 792 1138 ,

30 1180 169 1267 Limes,
186 1193 220 1248 et
239 1193 406 1250 errantem
423 1181 561 1250 comites
579 1177 697 1254 solatia
712 1180 855 1252 flammae

31 1301 254 1390 Destituuut,
272 1299 455 1397 gelideque
475 1302 580 1374 facem
599 1303 710 1386 vicere
727 1303 900 1376 tenebra?

31 1424 181 1516 Jamque
200 1423 403 1518 supigautur
422 1423 533 1514 sessis,
552 1422 685 1518 lateque
702 1425 862 1506 fatiscunt

33 1541 182 1612 Penthei
200 1542 325 1613 devexa
340 1544 430 1639 jugi,
449 1570 555 1638 quum
574 1562 709 1640 pectore
723 1545 845 1618 anhelo

33 1669 114 1734 lam
130 1685 236 1766 prope
254 1662 425 1756 deficiens,
444 1666 491 1736 sic
511 1668 649 1738 inchoat
664 1692 741 1738 orsa
758 1671 922 1744 Meuoetes
941 1695 950 1738 ε

85 1785 221 1858 «Haud
240 1785 376 1882 procul,
396 1773 503 1858 exacti
522 1790 549 1856 si
567 1813 643 1884 spes
662 1813 729 1870 non
748 1788 874 1861 hianda
892 1788 1038 1880 laboris,

35 1909 207 2005 Ogygias,
228 1909 347 2003 Argia,
366 1906 501 1998 domos,
520 1923 555 1978 et
572 1933 677 2005 egena
693 1908 837 2005 sepulcri

35 2035 143 2099 Busta
157 2030 267 2123 jacere
283 2011 361 2100 reor
378 2055 386 2096 :
406 2053 507 2124 grave
523 2031 675 2100 cominus
695 2045 812 2114 {estuat
830 2057 888 2105 aer

35 2149 219 2237 Sordidus,
237 2165 270 2220 et
288 2175 415 2246 magnae
429 2150 570 2222 redeunt
591 2175 650 2247 per
670 2154 767 2222 inane
786 2151 948 2225 volueres.

36 2277 120 2343 Haec
139 2271 196 2342 illa
217 2287 269 2343 est
285 2271 429 2345 erudelis
445 2273 588 2362 humus;
609 2297 670 2342 nec
689 2275 814 2348 moenio
827 2259 937 2372 longe.

38 2395 177 2483 Cernis,
194 2409 232 2464 ut
250 2396 401 2492 ingentes
420 2419 596 2467 murorum
613 2395 765 2492 porrigat
778 2395 915 2465 umbras

38 2523 206 2614 Campus,
222 2532 256 2587 et
272 2544 291 2587 e
310 2517 453 2613 speculis
470 2518 616 2589 moriens
632 2494 820 2592 intermicet
836 2518 963 2614 ignis?

39 2642 172 2709 Moenia
189 2620 269 2709 sunt
282 2641 379 2735 juxta
400 2628 528 2710 :modo
547 2664 613 2709 nox
634 2640 740 2734 magis
759 2640 831 2734 ipsa
847 2639 993 2727 tacebat,

41 2761 188 2857 Solaque
207 2764 378 2856 nigrantes
394 2759 552 2831 laxabant
568 2776 655 2843 astra
674 2759 838 2840 tenebras.
855 2789 873 2825 n

40 2884 183 2955 Horruit
202 2886 321 2979 Argia,
339 2882 556 2979 dextramque
574 2882 616 2953 ad
633 2882 756 2953 moenia
773 2882 912 2955 tendens
931 2908 940 2950 ε

90 3036 109 3072 α
120 3006 211 3077 Urbs
227 3020 341 3102 optata
360 3006 471 3101 prius,
489 3022 580 3075 nuuc
598 3018 684 3075 tecta
701 3002 839 3075 hostilia
850 3004 990 3093 Theba»,

42 3134 85 3199 Et
105 3144 217 3198 tamen
237 3128 355 3198 illaesas
373 3129 401 3199 si
421 3127 535 3197 reddis
552 3128 705 3225 conjugis
727 3127 879 3229 u'mhrts,

42 3252 97 3320 Sic
116 3274 251 3347 quoque
267 3248 363 3319 dulce
383 3246 510 3336 solum;
528 3251 653 3339 cernis,
671 3275 741 3345 quo
758 3246 897 3345 predita
914 3245 1024 3331 cultu,

42 3374 122 3463 Qua
140 3373 261 3468 stipata
282 3372 515 3467 manu„juxta
534 3386 594 3441 tua
607 3372 733 3443 moenia
752 3372 902 3466 primum

44 3493 235 3589 OEdipodis
254 3495 367 3590 magni
387 3495 486 3563 venio
503 3492 629 3564 nurusl·
643 3490 880 3586 improbuuon
898 3506 978 3561 suut
1101 3539 1106 3562 ς

42 3619 133 3685 Vota
153 3642 161 3685 :
179 3640 279 3712 rogos
300 3617 438 3711 hospes,
458 3613 711 3711 planctumque,
727 3628 763 3683 et
776 3613 894 3686 funera
910 3637 1024 3708 posco.

43 3735 159 3825 lllum,
178 3762 256 3826 oro,
275 3753 441 3807 extorrem
461 3739 572 3832 regni,
590 3734 745 3829 belloque
763 3734 934 3829 fugatum,

44 3858 160 3948 Illum,
182 3884 283 3954 quem
303 3857 473 3941 sulionon
487 3882 522 3929 es
537 3859 673 3953 dignata
693 3871 852 3952 paterno,

44 3979 157 4050 Redde
176 3981 258 4051 mihi
278 4010 285 4051 :
307 3997 428 4076 tuque,
447 4006 526 4069 oro,
544 3982 635 4085 veni,
652 3980 679 4055 si
698 3978 855 4080 Manibus
876 3978 943 4075 ullu
1037 4072 1040 4077 Ι
