2934 4950
363 451 418 508 ιθ,
673 449 887 508 nascamus
907 449 1021 508 cnm
1041 449 1078 506 x,
1297 451 1396 518 (mss.)

359 578 476 647 Praeda
493 576 581 666 solo,
600 602 662 648 ceu
676 578 749 673 jam
767 579 951 664 exanimes,
969 576 1145 672 multoque
1161 579 1288 673 pmaoti

361 703 451 770 Ense
462 701 585 795 jacent.
603 731 621 766 r
638 704 707 788 Ite,
725 727 748 770 o
765 702 864 790 socii,
881 721 1097 794 quacumque
1114 698 1271 795 voluptas

359 821 468 894 Caedis
486 823 707 914 inexhauste,
727 825 924 918 superisque
940 821 1146 910 faventibus,
1165 845 1245 909 oro,

358 943 524 1034 Sufficite,
544 945 700 1016 hortatur
718 944 809 1016 clara
825 945 895 1040 jam
909 968 994 1014 vocs
1011 941 1167 1014 sacerdos
1187 969 1195 1012 :

358 1067 504 1136 Cernitis
523 1069 689 1162 expositas
706 1068 798 1163 tmpi
817 1089 970 1137 marcore
988 1067 1155 1136 cobortes.
1305 1115 1310 1124 -

357 1189 425 1258 Pro
443 1185 565 1283 pudor!
586 1187 763 1285 Argolicas
781 1188 863 1259 bine
881 1190 954 1258 ausi
973 1185 1129 1258 obsidere
1144 1187 1287 1284 portxsl

355 1311 399 1378 Hi
417 1334 550 1381 servare
566 1310 680 1382 viros?
697 1337 715 1379 a
734 1313 791 1382 Sic
809 1311 899 1381 fatus
917 1325 952 1380 et
971 1309 1063 1380 exuit
1079 1331 1194 1381 ensem

354 1427 587 1524 Fulmineum,
606 1433 793 1529 rapidaque
810 1457 915 1504 manu
934 1433 1111 1504 morientia
1127 1432 1247 1502 trmu't

353 1554 499 1646 Agmina
520 1580 529 1623 :
551 1555 627 1649 quis
647 1569 803 1625 numeret
820 1553 949 1624 cedes?
964 1569 1024 1624 aut
1041 1555 1180 1623 nomine
1197 1551 1331 1622 tumbam

353 1676 552 1746 Exanimem
573 1679 709 1774 signare
727 1677 851 1773 queat?
871 1677 963 1747 subit
981 1675 1102 1746 ordine
1122 1669 1217 1745 nullo

352 1797 541 1892 Tergaque,
562 1813 781 1896 pectoraque,
799 1814 834 1870 et
851 1798 956 1896 galeis
973 1797 1102 1870 inclusa
1121 1794 1284 1891 relinquit

352 1917 550 2010 Murmura,
570 1922 814 2016 permiscetque
833 1947 938 2017 vagos
957 1923 994 1991 in
1013 1922 1177 2016 sanguine
1193 1941 1319 1988 manes.

351 2039 452 2108 Hunc
469 2054 592 2112 temere
610 2041 806 2138 explicitum
826 2045 961 2130 stratis,
978 2042 1070 2112 bunc
1090 2064 1167 2111 sero
1185 2041 1329 2110 remissis

350 2159 530 2231 Gressibus
548 2160 706 2258 illapsum
726 2161 857 2260 clipeo,
875 2178 909 2234 et
927 2161 1016 2234 male
1033 2161 1100 2234 tela
1117 2172 1287 2234 tenentem
1309 2188 1316 2229 :

350 2282 499 2353 Coetibus
520 2282 582 2355 hos
602 2285 721 2356 mediis
738 2287 817 2357 rina
837 2288 940 2373 inter,
959 2301 993 2355 et
1011 2309 1105 2355 arma
1120 2285 1295 2380 jacentes:

348 2401 505 2475 Acclines
525 2403 642 2503 clipeis
659 2405 762 2499 alios,
782 2424 820 2479 ut
839 2431 1006 2505 quemque
1023 2407 1164 2504 ligatum

349 2524 468 2596 Infelix
487 2526 606 2599 tellure
624 2556 728 2626 sopor
747 2554 968 2627 supremaque
985 2530 1091 2600 nubes

348 2646 517 2718 Obruerat
536 2676 545 2719 s
565 2676 627 2721 nec
645 2676 771 2722 numen
787 2654 899 2739 abest,
917 2668 1115 2747 armataque
1131 2654 1221 2721 Juno

346 2770 517 2840 Lunarern
536 2774 690 2865 quatiens
710 2789 826 2844 exerta
844 2772 1000 2870 lampada
1021 2773 1138 2844 dextra

343 2890 468 2960 Pandit
487 2894 572 2983 iter,
593 2894 773 2992 firmatque
792 2899 941 2987 animos,
961 2912 995 2965 et
1011 2919 1156 2991 corpora
1175 2908 1342 2964 monstrat.

345 3012 456 3081 Sentit
475 3012 590 3084 adesse
607 3018 716 3086 Deam
732 3019 871 3106 tacinu,
888 3014 947 3087 sed
966 3016 1089 3113 gaudia
1103 3016 1189 3087 celat

345 3130 571 3205 Thiodamas:
588 3137 656 3231 jam
676 3138 773 3208 tarda
790 3162 929 3229 manus,
944 3140 1016 3234 jam
1035 3136 1145 3208 debile
1164 3137 1307 3215 ferrum.

345 3254 385 3323 Et
397 3252 578 3351 caligantes
596 3258 708 3349 nimiis
726 3260 932 3332 successibus
952 3262 1018 3330 irae.

342 3376 464 3470 Caspia
482 3402 553 3449 non
571 3378 669 3450 aliter
687 3406 887 3479 magnorum
910 3384 944 3454 in
965 3398 1077 3479 strage
1090 3384 1271 3477 juvencum

341 3497 469 3590 Tigris,
492 3500 550 3571 ubi
571 3502 736 3573 immenso
756 3506 868 3576 rabies
889 3504 1020 3602 placata
1039 3528 1175 3595 cruore,

342 3616 560 3715 Lassantque
580 3648 699 3719 genas,
719 3641 754 3696 et
772 3650 884 3699 crasso
899 3628 1033 3699 sordida
1052 3629 1133 3700 tabo

342 3738 503 3812 Conludit
517 3745 680 3839 maculas,
699 3764 829 3845 spectat
848 3776 908 3822 sua
924 3751 1029 3841 farm,
1047 3750 1207 3847 doletque

339 3860 507 3933 Delecisse
524 3864 647 3937 famem
663 3895 671 3939 :
690 3872 799 3941 victus
817 3874 866 3943 sio
884 3898 994 3970 augur
1011 3875 1140 3945 inerrat

338 3982 493 4055 Gadibus
508 3991 625 4061 Aoniis
647 4017 656 4062 ε
675 4009 770 4089 optet
788 4021 879 4067 nunc
894 3996 1033 4069 brachia
1053 4014 1206 4080 centrum,

337 4104 572 4203 Centenasquc
592 4112 626 4181 in
647 4113 733 4185 bella
750 4140 869 4187 manus
889 4120 982 4213 :jam
1002 4118 1102 4188 tardet
1129 4120 1241 4190 inanes
