2934 4950
381 449 582 506 slevslwtt.
594 451 705 506 LIBER
725 451 774 506 lv,

521 868 616 954 'lX.

280 1181 440 1251 RISUS.
457 1183 873 1254 SATURNALITIUS

374 1375 420 1423 An
437 1377 585 1424 monum
604 1377 774 1427 GRYPHUM.

497 1645 658 1666 *—

193 1889 261 1956 Fsr
278 1910 359 1956 sene
374 1887 471 1980 jocus
491 1886 572 1974 iste,
592 1887 684 1982 quod
704 1886 857 1964 libellum

152 2007 264 2077 Misisti
286 2009 391 2093 mihi,
409 2010 568 2104 Gryphe‚
588 2009 797 2105 pro-libello.

150 2127 321 2198 Urbanum
340 2144 452 2199 tamen
470 2130 535 2200 hoc
551 2145 661 2226 potest
678 2131 803 2220 videri,

149 2250 182 2318 Si
199 2264 274 2345 post
293 2251 359 2321 hoc
379 2247 506 2344 aliquid
526 2253 609 2321 mihi
630 2255 801 2339 remittas3

147 2373 230 2443 Nem
249 2373 278 2442 si
297 2371 433 2458 ludere,
454 2374 614 2467 Gryphe,
634 2399 845 2468 perseveras,

147 2495 222 2565 Non
241 2493 360 2563 ludis:
385 2491 483 2581 licet,
503 2518 601 2584 eece,
624 2512 858 2591 computemus
878 2522 889 2569 t

185 2618 312 2687 Noster
332 2640 521 2711 purpureus
540 2642 715 2712 novusque
733 2618 871 2708 charte,

142 2740 183 2809 Et
200 2738 291 2808 hinis
311 2738 487 2809 decoratus
505 2736 692 2829 umbilicis,

144 2862 267 2931 Praeter
287 2884 361 2949 me,
381 2860 466 2929 mihi
486 2860 637 2929 constitit
657 2859 813 2932 decussis.

142 2984 191 3052 Tu
208 3006 326 3053 msum
346 2982 445 3053 tineis
465 2982 605 3077 situque
618 2998 771 3077 putrem,

141 3102 265 3195 Quales
284 3117 344 3173 aut
362 3102 496 3199 Libycis
514 3103 652 3173 madent
670 3104 787 3193 olivis,

142 3228 210 3297 Aut
229 3241 284 3296 tus
304 3222 494 3312 Niliacum,
514 3225 652 3319 piperve
673 3240 826 3315 servant,

140 3352 204 3418 Aut
223 3347 442 3443 Byzantiacos
462 3343 554 3415 olent
576 3342 737 3435 lacertos3

142 3470 208 3540 Nec
227 3466 347 3538 saltem
367 3480 424 3535 tua
445 3466 535 3535 dieta
556 3466 803 3556 continentem,

141 3593 224 3684 Quae
243 3592 335 3678 trine
350 3589 482 3682 juvenis
502 3587 575 3657 foro
595 3588 748 3679 sonabas,

141 3716 207 3784 Aut
223 3726 370 3800 eentum!
383 3735 489 3805 prope
505 3710 635 3805 judices
645 3763 662 3801 ‚G
676 3712 770 3805 prius
790 3738 889 3807 quam

141 3838 186 3905 Te
205 3834 428 3907 Germanicus
447 3832 621 3901 arbitrum⁴
632 3834 784 3926 sequenti

145 3959 291 4026 Annonae
308 3954 422 4041 dedit,
444 3954 663 4048 omniumque
684 3952 750 4025 late

141 4076 285 4148 Praefecit
303 4075 504 4146 stationibus
523 4076 675 4164 viarum
774 4122 778 4129 -

167 4224 188 4266 ι.
