2934 4950
344 426 400 486 stt
643 415 855 472 Timeamus
876 413 989 470 Lutltu
1009 413 1075 468 ΧΗ.
1279 411 1383 476 ('·³⁸⁵·l
1443 444 1444 451 κ

393 547 470 614 Haec
482 544 577 640 prior
593 567 600 610 :
619 543 674 612 hic
690 543 816 638 pariter
830 541 951 638 lapse,
965 541 1152 634 junctoque
1167 563 1227 633 per
1246 541 1357 633 ipsum

344 664 531 761 Amplexu,
549 666 691 734 miscent
711 663 816 733 avide
833 662 1083 758 lacrymasque,
1102 687 1307 756 comasque,

342 788 543 881 Partitaeque
563 802 656 855 artus
674 785 816 855 'redeunt
834 783 963 853 alterna
981 797 1152 878 gementes

343 910 395 982 Ad
415 907 564 996 vultum,
581 923 615 976 et
635 933 711 977 cara
720 905 859 976 'vicibus
877 906 1008 975 cervice
1023 905 1196 975 fruuntur.
1443 986 1444 999 χ

261 1007 265 1012 ¹
342 1036 501 1124 Dumque
513 1030 613 1099 modo
626 1031 695 1099 haec
709 1028 846 1098 fratrem
857 1041 1139 1114 memorat,nunc
1149 1026 1209 1096 illa
1218 1029 1386 1111 maritum,
1443 1008 1444 1065 3

343 1157 531 1246 Mutuaque
551 1175 676 1220 exorsae
692 1149 843 1238 Thebas,
861 1155 1036 1244 Argosque
1052 1164 1251 1238 renarrant,

343 1275 494 1370 Longius
512 1274 612 1367 Argia
633 1274 773 1342 miseros
793 1272 1018 1340 reminiscitur
1035 1285 1154 1340 actus:

344 1399 440 1466 «Per
458 1397 518 1464 tihi
537 1395 651 1464 furtivi
671 1418 802 1463 sacrum
821 1417 999 1464 commune
1019 1391 1165 1480 doloris,

343 1523 407 1589 Per
428 1519 535 1588 socios
553 1520 691 1606 Manes,
708 1531 742 1586 et
760 1517 895 1585 conscia
913 1516 1022 1586 sidera
1036 1517 1116 1610 juro
1122 1542 1134 1604 ;

344 1644 422 1712 Non
440 1641 495 1709 hic
515 1641 672 1726 amissos,
690 1661 883 1734 quanquam
905 1663 1010 1733 vagus
1031 1635 1144 1726 exsul,
1159 1638 1322 1726 honores,

342 1765 421 1832 Non
440 1759 563 1858 gentile
580 1760 710 1850 solum,
728 1785 814 1829 carae
832 1784 902 1829 non
920 1775 1058 1856 pectora
1075 1766 1209 1849 matris,

342 1888 391 1954 Te
409 1884 545 1978 cupiens
562 1907 684 1969 unam,
702 1896 902 1975 noctesque,
920 1879 1080 1976 diesque,
1100 1881 1234 1952 loeutus

342 2007 533 2100 Antigonen
552 2031 559 2072 :
579 2029 641 2099 ego
661 2027 743 2074 cura
759 2003 882 2090 minor,
900 2001 1073 2100 facilisque
1092 2003 1250 2097 relinqui.

342 2130 395 2196 Tu
413 2141 524 2195 tamen
542 2123 670 2194 excelsa
687 2120 840 2193 sublimis
861 2123 999 2194 forsitan
1017 2150 1112 2211 arce,

343 2253 430 2319 Ante
450 2246 542 2316 nefas
560 2247 673 2316 Graiis
690 2245 827 2316 dantem
843 2244 964 2326 vexilla
983 2245 1138 2341 maniplis

342 2369 487 2458 Vidisti,
508 2383 606 2462 teque
626 2366 681 2437 ille
701 2368 774 2438 acie
791 2369 936 2462 respexit
953 2368 996 2437 ab
1016 2369 1088 2463 ipsa

342 2496 429 2563 Ense
446 2490 643 2581 salutatam,
662 2505 696 2560 et
712 2492 861 2560 nutantis
880 2492 1005 2560 vertice
1024 2495 1127 2561 coni:

342 2616 413 2685 Nos
430 2611 549 2709 procul
568 2639 576 2682 ε
595 2628 759 2682 extremas
776 2611 834 2681 sed
853 2612 928 2705 quis
946 2615 1039 2683 Deus
1056 2615 1125 2709 egit
1144 2616 1180 2683 in
1202 2617 1292 2685 iras?

343 2733 400 2807 Nil
416 2750 534 2805 vestrae
552 2734 686 2805 valuere
704 2735 844 2833 preces?
862 2738 967 2806 tibine
985 2738 1048 2805 iste
1068 2739 1205 2832 negavit

342 2856 485 2928 Oranti?
497 2887 514 2923 n
532 2860 657 2927 Causas
677 2882 716 2927 ac
733 2859 842 2927 tristia
860 2858 1002 2927 reddere
1022 2857 1108 2927 facta

343 2983 497 3075 Coeperat
518 2979 712 3076 Antigone:
734 2979 821 3049 lidus
840 3006 950 3050 comes
971 2979 1128 3051 admonet
1146 2981 1263 3054 ambas
1283 3009 1291 3051 :

343 3132 359 3165 a
374 3107 437 3173 Eia
456 3103 546 3197 agite
564 3104 734 3198 inceptum
754 3100 884 3197 potins!
900 3106 970 3197 jam
987 3104 1098 3172 sidera
1117 3101 1245 3199 pallent

343 3226 463 3293 Vicino
483 3224 616 3293 turbata
637 3222 717 3291 die:
738 3223 882 3319 perferte
902 3223 1077 3315 laborem,

341 3349 486 3439 Tempus
506 3346 571 3414 erit
586 3343 740 3439 lacrymis
757 3372 766 3415 :
786 3370 925 3415 accenso
944 3345 1067 3416 flebitis
1084 3348 1207 3443 igne.»

391 3454 490 3537 Haud
510 3466 626 3562 procul
643 3468 769 3539 Ismeni
785 3469 1017 3537 monstrabant
1033 3492 1210 3537 murmura
1225 3470 1332 3565 ripas,

231 3598 234 3603 '
343 3589 412 3678 Qui
431 3588 586 3658 turbatus
604 3588 715 3661 adhue
735 3604 770 3659 et
786 3591 950 3684 sanguine
969 3586 1105 3659 decolor
1123 3590 1203 3660 ibat.

342 3716 418 3779 Huc
438 3708 563 3780 laceros
581 3727 672 3783 artus
691 3712 783 3782 socio
800 3713 978 3782 conamine
995 3698 1133 3807 portant

342 3831 518 3921 Invalida,
537 3835 715 3930 jungitque
732 3858 843 3905 comes
861 3859 929 3903 non
948 3833 1068 3903 fortior
1084 3832 1191 3903 ulnas.

328 3956 399 4047 ¹Sic
419 3956 662 4049 Hyperionium
678 3955 792 4051 tepido
811 3955 1020 4027 Phaethonta
1040 3980 1171 4025 sorores
1246 3989 1250 3994 >

342 4080 539 4147 Fumantem
555 4075 666 4148 lavere
684 4078 775 4150 Pado
794 4105 801 4147 :
822 4078 880 4147 vix
898 4076 979 4147 dum
999 4075 1055 4147 ille
1073 4076 1230 4174 sepulcro
