2934 4950
65 375 100 433 (v.
117 371 170 432 ⁵5.)
389 363 605 422 sufflamus
626 362 737 424 nnus
758 365 808 423 xl.
1065 375 1122 439 207

61 500 162 567 Sicut
175 510 248 566 erat
264 521 272 563 ε
292 493 381 589 fugit
392 493 427 562 in
439 493 642 587 vacuas-jam
657 494 796 588 spiritus
809 517 923 582 auras,

61 626 140 689 Jam
160 615 269 714 gelida
290 641 349 686 ora
367 629 499 704 tacent,
517 638 655 685 carmen
673 615 754 684 tuba
776 612 847 685 solo
867 615 1006 710 peregit.

115 745 257 835 Jamque
275 755 393 834 potens
408 735 590 824 scelerum,
608 739 813 834 geminaeque
831 740 974 808 exercita
991 739 1098 835 gentis

61 866 253 960 Sanguine,
269 861 454 956 Tisiphone
471 859 619 932 fraterna
633 859 768 931 cludere
786 863 905 956 quaerit

64 984 163 1055 Bella
178 985 262 1054 tuba
279 1009 286 1053 :
307 1007 371 1054 nec
387 997 535 1053 setunta
551 983 586 1051 in
600 984 783 1053 certamina
798 998 894 1054 retur

62 1107 248 1195 Sufficere,
267 1105 397 1177 insarno
412 1105 568 1176 comitam
589 1105 624 1173 ni
640 1103 717 1175 sede
730 1108 930 1200 Megoeram,

62 1234 113 1300 Et
131 1228 401 1324 consanguineos
418 1227 453 1296 in
473 1224 593 1322 proelia
612 1227 751 1297 suscitet
770 1251 908 1323 angues·
1016 1266 1019 1270 ·

62 1356 159 1448 Ergo
176 1349 297 1446 procul
316 1371 422 1419 vacua
437 1347 589 1418 consedit
603 1346 707 1438 valle,
728 1347 905 1444 solumque

63 1477 156 1544 Ense
177 1471 263 1542 fodit
282 1473 417 1567 Stygio,
439 1485 603 1564 terreque
620 1472 859 1542 immurmurat
878 1471 998 1541 absens

64 1597 219 1684 Nomen,
239 1609 289 1678 et,
309 1590 431 1685 Elysiis
449 1593 587 1688 siguum
602 1591 825 1666 indubitabile
837 1594 973 1690 regnis,

65 1713 241 1786 Crinalem
262 1713 388 1784 attollit
405 1713 507 1810 longo
524 1713 667 1786 stridore
685 1729 859 1786 cerastem

64 1834 229 1908 Caeruleae
249 1835 317 1904 dux
335 1834 391 1905 ille
411 1859 532 1925 comae,
551 1859 620 1931 quo
637 1837 793 1932 protinus
805 1839 919 1906 omnis

65 1958 211 2028 Horruit
230 1955 346 2028 audito
366 1955 492 2046 tellus,
504 1972 710 2053 pontusque,
731 1957 916 2054 polusque,

66 2085 110 2150 Et
124 2094 223 2175 pater
237 2079 383 2149 AEtnaeos
400 2079 521 2149 iterum
538 2079 712 2174 prospexit
728 2078 771 2150 ad
788 2083 892 2176 ignes.
960 2098 964 2105 ’

115 2201 253 2295 Accipit
268 2199 329 2270 illo
341 2225 462 2271 sonum
478 2226 486 2269 ε
507 2201 618 2271 stabat
632 2215 714 2271 tunc
731 2201 818 2272 forte
832 2205 963 2298 parenti

65 2323 245 2407 Proxima,
264 2321 345 2392 dum
363 2337 452 2392 eoetu
468 2326 646 2419 Capaneus
663 2320 821 2393 laudatur
837 2326 880 2393 ab
896 2326 989 2394 omni

65 2445 174 2534 Ditis,
189 2459 224 2514 ct
238 2443 405 2540 insignem
423 2444 548 2541 Stygiis
563 2443 826 2515 fovet-amnibus
838 2445 1004 2514 umbram.

65 2568 230 2637 Protinus
249 2567 396 2663 abrupta
414 2580 583 2637 tenorum
604 2565 692 2636 mole
711 2566 778 2636 sul)
794 2568 895 2636 asttis

65 2690 254 2777 Constitit,
275 2687 427 2759 exultant
441 2691 579 2777 Manes,
597 2703 829 2784 quantumque
843 2688 1019 2785 proliande

65 2816 262 2883 Rei-escunt
279 2812 442 2901 tenebre,
460 2824 593 2881 tantum
607 2809 649 2880 de
667 2808 906 2881 inconcessis
957 2827 963 2859 ·'

65 2934 208 3030 Excipit
223 2948 302 3004 atra·
315 2956 421 3023 soror,
438 2931 629 3027 dextroque
644 2934 765 3002 innexa
779 2931 934 3027 profatur
942 2959 954 3001 »ε

118 3084 138 3121 α
151 3056 226 3124 Hac
239 3080 399 3152 germana
417 3070 516 3125 tenus
534 3054 641 3151 Stygii
659 3051 840 3124 metuenda
855 3055 1009 3150 parentis

66 3176 233 3272 Imperia,
249 3191 284 3246 et
296 3176 404 3271 jussos
419 3177 516 3272 potui
532 3174 676 3248 tolerare
689 3173 843 3263 furores,

67 3296 153 3377 Sola
169 3306 270 3392 super
284 3312 409 3385 terras,
428 3295 609 3391 hostilique
625 3297 725 3365 obvia
740 3295 917 3386 mundo,-

66 3426 165 3492 Dum
184 3444 244 3489 vos
257 3418 409 3515 Elysium
428 3436 463 3490 et
482 3418 595 3490 faciles
616 3408 831 3514 compescitis
847 3420 992 3489 umbras.

68 3547 146 3613 Nec
164 3536 315 3637 pretium
330 3541 479 3613 deforma
495 3566 614 3629 morae,
634 3542 786 3636 cassique
799 3539 940 3612 labores.

68 3669 147 3734 Hoc
158 3661 384 3759 quodcunque
392 3662 533 3734 madent
542 3663 669 3758 campi,
683 3660 775 3757 quod
784 3663 947 3757 sanguine
958 3662 1093 3732 limant-

69 3788 222 3879 sugas,
235 3782 332 3879 quod
352 3786 532 3876 ionumene
552 3784 686 3855 teum
704 3784 858 3855 examine
871 3784 995 3879 gaudet

69 3906 184 3999 Ripa,
203 3930 285 3975 meae
304 3908 409 3997 vires,
427 3930 503 3977 mea
520 3904 759 4001 letoiusignio
772 3929 786 3977 z·
801 3905 860 4006 sed
877 3905 960 4001 quid

70 4029 154 4096 Haec
174 4026 260 4123 ego?
279 4030 373 4099 Mars
383 4028 530 4119 habeat,
545 4026 750 4124 volgataque
757 4027 864 4121 jactet
877 4030 983 4124 Enyo.
1082 4029 1086 4036 '
