2934 4950
201 369 426 467 ’”2'''
622 363 1002 470 '’unuannsrsru

320 540 437 609 diebus
461 539 563 610 effusa
583 567 590 608 :
610 541 762 633 quamvis
787 556 919 627 metuo,
944 567 987 609 ne
1009 565 1126 610 verum
1148 527 1232 610 istuc
1252 565 1366 611 versus

320 684 453 755 quoque
472 661 536 754 ipsi
554 658 596 729 de
612 684 646 728 se
663 661 816 754 probent.
832 662 963 730 Primus
976 658 1106 729 libellus
1119 676 1366 731 sacrosanctum

319 781 421 851 habet
437 794 552 849 testem
574 807 581 848 :
603 779 803 850 sumendum
822 783 912 849 enim
931 795 1002 849 erat
1019 805 1038 848 a
1054 783 1136 850 Jove
1151 782 1364 875 principium.

320 903 477 970 Ceterum
496 899 556 969 hos
574 925 704 987 versus,
721 924 804 992 quos
823 901 858 968 in
876 904 1009 993 Equum
1023 901 1208 969 Maximum
1225 900 1302 989 feci,
1315 902 1367 968 in·

320 1017 572 1112 dulgentissimo
593 1021 804 1112 imperatori,
827 1034 960 1113 postero
982 1019 1036 1089 die
1056 1045 1158 1113 quam
1177 1020 1367 1089 dedicatum

320 1153 391 1207 erat
403 1164 505 1233 opus,
519 1139 649 1208 tradere
658 1141 769 1232 jussus
780 1164 864 1208 sum.
878 1140 1019 1208 Potuisti
1029 1138 1113 1208 illud
1123 1139 1223 1236 (dicet
1232 1137 1367 1236 aliquis)

320 1273 353 1326 et
372 1273 450 1328 ante
467 1259 596 1329 vidisse.
615 1259 846 1353 Respondebis
863 1259 911 1327 illi
929 1274 984 1347 tu,
998 1258 1099 1330 Stella
1112 1263 1293 1348 carissime,
1308 1265 1367 1357 qui

319 1377 570 1473 Epithalamion
593 1393 706 1466 tuum,
729 1379 819 1472 quod
841 1379 922 1448 mihi
947 1381 1158 1474 injunxeras,
1180 1383 1242 1450 scis
1263 1383 1368 1452 biduo

319 1501 490 1594 scriptum.
509 1498 674 1570 Audacter
693 1498 897 1587 mehercule;
917 1499 974 1568 sed
993 1515 1103 1568 tamen
1118 1525 1252 1572 conxxu
1266 1504 1368 1572 hexa-

320 1633 441 1688 metros
458 1619 567 1687 habet.
586 1621 629 1688 At
645 1618 781 1686 fortasse
799 1633 834 1686 tu
850 1643 912 1712 pro
928 1618 1055 1715 collega
1071 1622 1251 1690 mentieris.
1269 1625 1368 1690 Man·

320 1737 383 1808 lius
403 1753 492 1807 certe
511 1739 689 1832 Vopiscus,
710 1739 763 1805 vir
784 1738 1044 1824 eruditissimus,
1067 1753 1100 1808 et
1122 1742 1180 1835 qui
1200 1743 1370 1836 praecipue

319 1858 504 1927 vindicata
525 1859 590 1926 situ
616 1856 743 1926 litteras
760 1858 828 1949 jam
849 1883 943 1952 paene
965 1858 1148 1952 fugientes,
1173 1859 1256 1929 solet
1276 1860 1369 1930 ultro

320 2002 452 2072 quoque
466 1979 601 2046 nomine
618 2002 691 2045 meo
707 1975 858 2072 gloriari,
874 1990 908 2046 et
923 1976 1037 2047 villam
1048 1977 1258 2048 Tiburtinam
1271 2005 1369 2050 suam

320 2098 518 2192 descriptam
542 2121 561 2164 a
585 2098 680 2166 nobis
709 2123 777 2166 uno
803 2097 867 2166 die.
896 2099 1054 2192 Sequitur
1081 2095 1211 2168 libellus
1238 2099 1369 2170 Rutilio

320 2216 449 2290 Gallico
465 2216 598 2290 Valenti
618 2217 814 2286 dedicatus:
832 2218 874 2286 de
892 2243 959 2312 quo
979 2217 1063 2288 nihil
1083 2219 1174 2305 dico,
1191 2245 1232 2288 ne
1251 2220 1371 2290 videar

319 2337 467 2406 defuncti
494 2339 584 2406 testis
606 2339 778 2408 occasione
801 2339 945 2407 mentiri.
971 2340 1060 2408 Nam
1080 2337 1213 2408 Claudii
1234 2343 1370 2409 Etrusci

319 2459 547 2529 testimonium
561 2471 625 2547 est,
639 2458 696 2552 qui
710 2456 907 2527 Balneolum
920 2483 940 2527 a
952 2484 1007 2528 me
1019 2484 1117 2529 suum
1133 2461 1221 2529 iutra
1235 2486 1370 2530 moram

320 2604 420 2649 coenae
442 2580 576 2673 recepit.
597 2582 638 2649 Iu
654 2578 721 2648 fine
738 2592 816 2647 sunt
849 2576 993 2648 calendae
1012 2579 1225 2667 decembres,
1244 2581 1372 2674 quibus

319 2702 436 2793 utique
448 2698 596 2769 creditur
610 2725 618 2767 :
632 2713 764 2767 noctem
777 2702 866 2767 enim
881 2696 972 2767 illam
989 2698 1210 2769 felicissimam
1226 2700 1371 2789 liabent,

319 2833 353 2887 et
368 2818 594 2912 voluptatibus
611 2817 752 2912 publicis
766 2820 983 2912 inexpertam.
