2934 4950
711 380 742 432 P.
766 378 888 433 PUELII
910 377 1033 434 8ΤΑΤΠ

446 504 557 573 AEneis
574 502 789 570 venerabitur
805 517 989 573 canentem.
1007 562 1009 569 .

447 626 518 694 Nec
535 621 644 692 solum
662 622 749 692 dabo
767 623 924 692 carminis
941 622 1101 709 nitorem,

446 743 512 814 Sed
530 742 621 812 taedis
638 741 824 838 genialibus
842 731 960 810 dicabo

447 868 608 952 Doctam,
627 877 727 958 atque
742 863 879 958 ingenio
897 886 958 930 suo
977 860 1150 949 decoram3

447 983 593 1084 Qualem
609 983 732 1054 blanda
749 986 882 1072 Venus,
901 981 1062 1078 daretque
1079 987 1187 1069 Juno;

445 1109 583 1193 Forma,
599 1103 831 1200 simplicitate,
847 1105 1022 1191 comitate,

447 1227 575 1310 Censu‚
592 1226 770 1320 sanguine,
787 1225 908 1320 gratia,
925 1224 1052 1295 decore.

446 1350 490 1417 Et
506 1360 632 1416 vestros
648 1349 853 1439 Hymenaeon
871 1359 949 1414 ante
965 1359 1076 1440 postes

446 1468 575 1537 Faustis
591 1467 744 1535 cantibus
760 1467 833 1561 ipsa
847 1466 1044 1561 personabo.

464 1591 526 1658 «Ο
545 1611 637 1657 saevae
654 1587 812 1674 nimium,
831 1611 1014 1682 gravesque
1030 1583 1155 1656 Parcae!

447 1712 670 1803 Onunquam
687 1707 764 1776 data
782 1705 864 1775 festa
881 1705 983 1802 longa
998 1705 1156 1776 summis!

445 1829 517 1898 Cur
535 1826 624 1922 plus,
641 1827 764 1914 ardua,
781 1828 911 1896 casibus
929 1827 1072 1921 patetis?

444 1953 516 2020 Cur
533 1972 617 2018 saeva
634 1949 706 2016 vice
723 1972 844 2043 magna
865 1973 934 2016 non
952 1947 1152 2017 senescunt?

444 2069 499 2138 Sic
516 2082 634 2138 natum
651 2070 846 2140 Nasamonii
864 2070 1025 2138 Tonantis

444 2192 523 2258 Post
542 2203 636 2259 ortus
653 2188 830 2284 obitusque
846 2187 1038 2259 fulminatos

421 2359 424 2365 -
444 2313 597 2405 Angusto
614 2307 765 2403 Babylon
783 2310 906 2404 premit
923 2308 1076 2405 sepulcro
1093 2336 1103 2379 z

443 2431 497 2501 Sic
512 2429 616 2500 fixum
635 2429 765 2500 Paridis
782 2454 883 2500 manu
901 2432 1054 2501 trementi

444 2550 581 2621 Peliden
599 2551 713 2621 Thetis
733 2551 866 2621 horruit
884 2552 1058 2621 cadentem
1076 2578 1084 2622 :

442 2673 496 2740 Sic
512 2672 594 2766 ripis
612 2696 674 2767 ego
692 2675 933 2742 murmurantis
949 2673 1053 2743 Hebri

441 2792 520 2863 Non
539 2806 670 2861 mutum
687 2807 788 2888 caput
804 2794 957 2889 Orpheos
974 2797 1135 2888 sequebar
1152 2822 1162 2865 ε

443 2912 498 2981 Sic
514 2924 547 2981 et
565 2925 601 2980 tu
618 2912 744 3008 (rabidi
763 2913 855 2982 nefas
872 2917 1006 3008 tyranni
1016 2912 1048 3011 l)

442 3035 556 3101 Jussus
573 3034 777 3127 precipitem
794 3034 906 3101 subire
925 3035 1072 3124 Lethen,

441 3156 533 3223 Dum
551 3176 680 3249 pugnas
699 3155 804 3242 canis,
823 3153 994 3248 arduaque
1011 3181 1093 3226 voce

442 3275 511 3342 Das
529 3270 645 3342 solatia
664 3273 846 3368 grandibus
861 3272 1041 3369 sepulcris;

445 3392 501 3492 (Ο
519 3392 629 3463 dirum
647 3392 771 3465 scelus!
789 3421 810 3465 o
829 3397 934 3469 scelus
947 3398 975 3493 l)
995 3402 1126 3470 tacebis.
1139 3434 1156 3467 u

491 3515 545 3583 Sic
565 3514 631 3582 fata
648 3529 716 3602 e'st,
734 3514 917 3613 leviterque
934 3520 1122 3591 decidentes

441 3634 576 3704 Abrasit
593 3632 756 3730 lacrymas
773 3641 901 3708 nitente
917 3639 1054 3734 plectro.

490 3757 535 3823 ht
554 3769 606 3843 tu,
623 3781 682 3825 seu
701 3757 856 3852 rapidum
873 3759 942 3853 poli
959 3787 1019 3856 per
1036 3788 1132 3832 axem

442 3878 549 3943 Famae
566 3876 718 3946 curribus
738 3878 850 3948 arduis
867 3877 1011 3968 levatus,

441 3996 518 4083 Qua
537 4012 678 4091 surgunt
696 4000 817 4067 animae
834 4002 1061 4093 potentiores,
