2934 4950
324 418 365 472 1Ν
386 419 415 473 P.
437 418 467 472 Ρ.
487 417 612 472 STthl
633 417 740 472 TEEB.
761 417 831 472 ΗΒ.
853 417 905 473 xl.
1078 417 1134 493 339

129 536 218 592 Deest
230 535 341 591 remitto
353 534 452 610 plebes
472 531 512 612 (v.
530 529 611 612 ²76)·
629 535 684 590 ΜΒ
703 545 731 590 et
747 535 819 590 nlius
831 553 887 609 pro
906 553 933 588 v.
947 534 965 588 1.
982 553 989 588 ι
1008 537 1133 593 sechim.

86 628 149 685 Soli
165 646 182 683 2
197 629 310 684 Behott.
327 647 334 682 ι
348 629 438 682 «tam
451 625 539 682 deest.
549 650 565 677 n

128 727 201 780 Fors
214 725 280 780 tulit
293 720 331 802 (ι.
347 719 426 800 283).
444 724 531 779 Recte
549 723 692 781 Weberus
706 742 744 781 ex
756 725 811 780 ΜΒ
832 743 869 779 ιι
884 722 949 778 Son
962 733 983 778 t.

132 820 227 892 Tuque
241 817 307 872 linc
318 827 465 891 spectator
474 812 513 892 (v.
525 815 603 893 ²9¹)·
612 816 659 873 Sic
677 817 754 891 conj.
769 818 896 874 nerum.
919 826 949 873 ct
962 815 1033 872 dant
1049 815 1135 890 ponci

86 909 174 966 codd.
193 909 287 966 Ceteri
302 927 400 966 omnes
415 933 428 958 ι
436 919 527 984 tuque
539 908 587 964 hic
599 927 683 984 rp.,»
697 910 780 985 quod
793 910 861 967 huic
873 911 940 967 loco
958 911 1135 968 convenien-

87 1005 145 1061 tius
159 1015 187 1060 et
201 1003 290 1080 magis
304 1021 441 1060 amatum.

126 1111 188 1165 Nec
200 1111 290 1165 audes
297 1105 335 1184 (v.
347 1106 437 1187 296)?
450 1110 586 1166 Meliores
599 1107 684 1166 codd.
700 1126 799 1165 omnes
809 1111 933 1166 :anthr
946 1129 970 1166 c.
982 1111 1020 1186 gl.
1031 1129 1038 1165 :
1048 1109 1134 1166 «dic-

84 1201 202 1258 simulas
220 1200 350 1258 audirem
370 1202 460 1272 Quod
474 1221 576 1258 verum
595 1219 655 1258 esic
673 1210 754 1258 recte
771 1201 912 1275 judicavit
932 1203 1028 1259 Barth.
1043 1233 1083 1246 -
1100 1203 1136 1258 In

83 1313 144 1369 seq.
161 1314 188 1350 v.
203 1296 257 1350 ΜΒ
276 1315 284 1350 :
299 1319 310 1345 ι
323 1295 511 1371 miseramque
525 1304 660 1352 exactum
672 1296 755 1351 ι’ναιη.
772 1318 785 1346 υ

127 1388 428 1458 stationarium,
446 1390 642 1464 trepidumque
663 1388 793 1444 tubarum
809 1387 846 1465 (v.
867 1386 945 1467 325).
962 1389 1056 1446 Codd.
1072 1389 1135 1444 noti

83 1491 221 1538 omneset
233 1481 298 1538 cdd.
313 1491 382 1538 vett.
400 1501 408 1537 ι
428 1482 682 1556 «tiitrepidttmquc
691 1491 748 1553 t»,
758 1483 839 1556 quod
847 1501 907 1538 non
919 1494 1028 1556 exputo
1043 1501 1095 1538 cur
1105 1483 1135 1538 in

82 1592 136 1629 sua
154 1572 199 1629 cd.
213 1574 366 1630 mutaverit
377 1576 507 1632 Gronov.
517 1577 584 1630 Duo
598 1574 731 1631 meliores
745 1575 854 1630 Barthii
866 1576 1004 1652 singulari
1020 1576 1112 1632 lorino
1127 1597 1134 1631 :

82 1691 95 1716 ι
108 1667 377 1742 intremidumque.»
390 1697 430 1710 -
446 1669 513 1742 Seq.
530 1688 557 1722 ι.
572 1669 627 1724 ΜΒ
646 1688 653 1722 :
668 1669 856 1742 despiciebat.

129 1775 208 1844 Quid
222 1775 346 1829 altemos
361 1770 400 1852 (v.
417 1771 494 1851 336).
515 1775 570 1830 ΜΒ
585 1784 613 1829 et
628 1791 644 1829 ι
659 1774 764 1830 Behott
779 1793 786 1828 ι
801 1777 934 1831 altemus.

126 1879 236 1934 Gemitu
242 1878 309 1948 jczm
323 1881 452 1954 supplice
460 1877 497 1956 (v.
514 1877 593 1956 375).
602 1881 657 1936 ΜΒ
666 1888 695 1934 ct
704 1879 740 1936 al.
750 1879 845 1938 Barth.
860 1901 868 1934 ε
883 1907 895 1932 ι
912 1896 1005 1958 g.pcr
1016 1882 1135 1955 suppl.»

125 1985 216 2038 Fulvo
230 1987 346 2040 metallo
360 1981 399 2062 (v.
411 1981 490 2062 398).
511 1984 569 2043 Sed
579 1983 665 2041 codd.
679 1984 796 2040 Taurin.
806 2029 815 2057 ‚
824 1987 936 2058 Burm.‚
952 1986 1136 2044 ctPirckhai-

80 2075 156 2131 meri
171 2095 202 2130 :a
210 2075 293 2148 fulta
306 2077 460 2148 metallop»
475 2077 556 2152 quod
574 2096 639 2133 cum
654 2077 799 2148 Gronov„
813 2079 906 2134 Diatr.
914 2121 923 2148 ,
936 2099 966 2153 p,
983 2077 1049 2147 358,
1058 2087 1136 2134 recto

79 2168 198 2242 prael'ert
211 2170 353 2226 Weberus
368 2189 375 2224 :
396 2193 411 2221 α
425 2170 475 2226 Est
494 2189 592 2244 parma
611 2189 674 2245 quae
687 2169 786 2245 plures
802 2171 887 2226 orbes
896 2170 1002 2226 metalli
1015 2171 1135 2226 alterum

80 2261 167 2316 alteri
173 2261 306 2334 junctum
314 2263 416 2333 hahet,
426 2263 463 2319 ad
471 2263 591 2319 modum
601 2261 695 2338 clypei
706 2262 783 2319 illins
790 2262 1023 2339 Agamemnonii,
1034 2265 1134 2331 iliad,

80 2373 129 2424 ιι,
145 2353 201 2425 32,
220 2375 281 2430 sqq.
292 2379 307 2406 t)

125 2447 315 2523 Stinulatque
332 2449 458 2524 regitque
471 2445 509 2526 (v.
526 2444 604 2524 lot).
620 2448 760 2505 Nonnulli
772 2448 862 2505 MSS:
879 2460 1085 2523 «movetquem
1099 2449 1134 2502 al.

80 2560 150 2596 cum
171 2544 291 2617 aliegg.
308 2562 315 2595 ε
335 2554 543 2617 «monetque»

129 2636 232 2689 Vetant
255 2620 402 2690 auendere
415 2632 453 2711 (v.
477 2630 555 2711 419).
573 2635 618 2690 Sc.
635 2652 672 2689 nc
691 2632 895 2691 maleficiorum
920 2631 989 2690 inde
1007 2636 1136 2708 exempla

66 2711 206 2804 'capiant
223 2728 279 2783 Sed
292 2727 435 2801 poetavix
449 2727 531 2783 aliter
545 2727 669 2783 scribere
678 2738 792 2801 poterat
805 2739 892 2803 atque
902 2750 917 2778 a
926 2737 1135 2782 vetantascen-

79 2827 151 2879 dem
161 2846 189 2889 υ,
210 2832 243 2876 ιιι
257 2833 299 2877 est
313 2822 344 2875 in
357 2821 567 2877 «melioribus»
581 2820 698 2877 Barthii.

125 2930 253 2987 Stimulis
273 2931 313 2983 im
327 2930 356 2983 in
369 2928 519 2985 discrimen
534 2930 644 3004 apertis
658 2926 699 3008 (v.
715 2928 855 3006 trid-*PR
870 2949 878 2985 :
896 2954 908 2981 ι
924 2928 955 2983 in
968 2929 1135 3016 discrimina

80 3024 179 3093 cenis,
194 3045 209 3073 c
223 3022 296 3094 sive,
311 3033 343 3078 ιιι
358 3042 373 3077 e
390 3023 459 3097 Reg.
474 3042 485 3077 1
499 3033 640 3093 motatur,
660 3034 757 3078 cenos.
771 3024 871 3079 Altero
885 3023 989 3079 abhinc
1007 3041 1035 3077 ι.
1051 3024 1134 3082 ullo

80 3121 156 3173 hott.
178 3116 280 3171 mediis
299 3134 353 3189 pro
370 3116 498 3181 medias,
523 3126 555 3170 ut
573 3135 600 3169 v.
627 3116 681 3187 5²7
700 3117 754 3171 ΜΒ
773 3136 781 3171 :
799 3116 894 3171 «nihil
919 3114 992 3171 adeo
1013 3114 1136 3170 medium

81 3209 236 3280 telluris»,
249 3226 305 3283 pro
319 3210 430 3264 medt'oe.

122 3316 258 3377 Alternus
273 3312 310 3389 (v.
328 3312 405 3391 429).
420 3316 484 3370 Hoc
498 3312 627 3369 videmus
642 3331 677 3369 ex
691 3313 777 3370 unius
796 3314 898 3368 Behot.
913 3311 1042 3385 margine
1054 3328 1135 3366 rece-

80 3421 176 3483 ptum.
194 3408 334 3464 Codicum
352 3408 399 3462 alii
414 3408 572 3471 Externost
590 3406 637 3461 alii
655 3408 743 3462 Ertet
764 3407 872 3474 Itonos,
894 3406 954 3461 duo
968 3403 1070 3479 optimi
1088 3423 1134 3477 ap.

81 3502 180 3557 Barth.
190 3519 196 3553 :
206 3502 299 3556 Exter
311 3500 415 3568 honos,
431 3519 518 3575 quarn
532 3500 671 3555 Prisciani
683 3500 839 3556 auctoritas
855 3511 934 3556 extra
948 3517 1063 3555 omnem
1077 3496 1135 3553 du-

79 3593 253 3651 bitationem
262 3594 345 3669 ponit
353 3637 361 3664 ‚
376 3605 408 3649 ut
422 3592 481 3666 jam
495 3592 651 3648 declaravit
664 3594 759 3649 Barth.
779 3593 859 3662 Quid
874 3593 952 3667 apud
971 3596 1056 3663 tales,
1065 3591 1130 3665 qui-

81 3690 140 3743 bus
156 3706 193 3742 ue
210 3690 254 3765 sui
269 3688 385 3762 quidem
400 3684 511 3762 (mater,
533 3683 627 3763 soror)
643 3704 717 3742 curae
737 3697 817 3757 sunt,
837 3688 930 3743 valeat
947 3700 1030 3742 exter
1046 3684 1136 3740 Itonos

82 3782 209 3857 (externi
223 3780 347 3839 hominis
361 3776 546 3858 auctoritas)?
562 3784 670 3837 Tamen
683 3780 746 3851 illc,
761 3791 815 3835 etc.

123 3888 260 3962 Diroeque
275 3887 457 3943 Prometheos
471 3898 547 3943 artes
560 3884 599 3964 (v.
616 3884 700 3963 468ss
716 3886 854 3942 Permulti
871 3885 973 3958 codd,
987 3884 1136 3958 inquibus

81 3979 193 4038 Barthii
213 3999 324 4049 omnes,
343 3981 475 4055 «dirique
492 3980 677 4036 Prometheos
691 3981 782 4035 artes!
797 4007 810 4028 a

123 4075 273 4131 Auxilium
292 4085 429 4129 tentemus
452 4072 488 4149 (r.
513 4071 592 4149 471).
612 4074 726 4149 Optime
744 4074 800 4129 ΜΒ
819 4084 847 4129 et
869 4072 940 4129 alius
958 4072 1054 4129 Barth.
1071 4090 1136 4125 cum

963 4200 1018 4243 22.
