2934 4950
60 382 170 447 (nus.)
298 451 302 456 ⁴
378 381 590 438 runnunos
612 382 722 437 nmen
745 382 780 435 v.
1059 372 1095 443 Δΐ

102 512 220 604 «Ergo
238 508 361 577 iterum
372 511 505 594 Venus,
524 521 559 575 et
576 509 683 577 tacitis
700 504 803 577 eorda
821 528 939 599 aspera
955 490 1097 571 dammis

59 626 274 700 Lemniadum
287 641 456 723 pertentat
467 648 561 696 amor
576 654 585 696 ε
599 644 680 697 tunc
693 628 786 723 regia
799 630 817 696 J
818 651 887 733 uno

59 753 170 838 Arma,
185 749 384 841 habitusque
396 750 523 833 virum,
537 746 749 843 pulchreque
762 750 904 843 insignia
919 747 1023 841 gentis

60 871 224 940 Mentibus
238 870 399 956 insinuat,
414 870 630 962 certatimque
644 869 762 939 ordine
776 884 902 939 eunctae
1049 864 1056 872 ’

61 991 249 1086 Hospitibus
268 1004 405 1084 patuere
423 989 510 1058 fores
528 1016 537 1058 :
558 1004 639 1059 tnnc
656 992 784 1084 primus
801 992 835 1057 in
854 989 919 1057 aris

61 1114 160 1205 lgnis,
177 1126 213 1180 et
227 1109 374 1179 infandis
388 1136 510 1180 venere
526 1110 649 1180 oblivia
664 1112 753 1180 curis
768 1138 776 1180 :

41 1228 151 1306 '.Tnno
170 1230 294 1327 epulae,
312 1231 455 1325 felixque
472 1256 589 1325 sopor,
609 1245 788 1324 noctesque
805 1233 947 1325 quietae:

54 1357 129 1447 ⁸Nec
143 1357 310 1449 Superum
324 1354 395 1442 sine
408 1367 533 1441 mente,
549 1377 641 1441 reor,
656 1352 810 1447 placuere
824 1352 973 1421 fatentes.

55 1481 62 1535 l
109 1475 291 1545 «Forsitan
310 1488 344 1543 et
361 1489 483 1542 nostrae
502 1473 606 1542 fatum
625 1464 811 1542 eicusabile
830 1472 935 1567 culpae

65 1599 203 1667 Nascere
217 1619 315 1679 cura,
331 1592 455 1663 duces:
470 1596 631 1683 cinerem,
649 1594 817 1688 furiasque
831 1618 981 1663 meorum

65 1722 189 1805 Testor,
205 1730 246 1785 ut
257 1731 409 1786 externas
422 1741 490 1786 non
502 1732 620 1811 sponte
634 1732 692 1785 aut
703 1718 842 1786 crimine
855 1716 955 1784 taedas

67 1839 252 1933 Attigerim3
265 1839 327 1907 scit
339 1862 420 1907 cura
430 1839 554 1927 Deum,
567 1839 627 1907 etsi
640 1835 782 1907 blandus
794 1841 892 1907 Iason

67 1960 257 2055 Virginibus
270 1958 350 2027 dare
363 1957 474 2028 vinela
486 1959 582 2027 novis
597 1984 605 2027 ε
622 1983 682 2028 sua
692 1959 770 2054 jura
786 1972 960 2048 cruentum

70 2080 184 2149 Phasin
199 2080 350 2149 habent:
367 2078 465 2168 alios,
479 2077 613 2167 Colchi,
628 2082 792 2176 generatis
808 2104 945 2149 amores.

114 2206 281 2296 «Jamque
298 2216 397 2271 exuta
417 2200 492 2296 gelu
511 2216 688 2295 tepuerunt
702 2200 811 2271 sidera
826 2199 933 2295 longis

73 2322 212 2412 Solibus,
228 2338 264 2392 et
277 2322 374 2392 velox
388 2324 422 2392 in
436 2337 530 2418 terga
541 2322 722 2392 revolvitur
737 2348 854 2391 annus.

74 2448 138 2514 Iam
158 2470 245 2515 nova
263 2446 454 2541 progenies,
472 2457 653 2540 partusque
671 2445 706 2514 in
723 2457 802 2513 vota
821 2441 939 2531 soluti,
1056 2450 1057 2453 ’

76 2568 114 2635 Et
129 2591 195 2636 non
213 2567 354 2662 speratis
371 2569 516 2636 Iemnos
533 2563 696 2635 clamatur
714 2562 867 2634 alumnis.

76 2688 139 2758 Nee
154 2714 221 2757 non
239 2688 315 2782 ipsa
331 2703 461 2775 tamen,
479 2685 617 2756 thalami
633 2700 850 2756 monumenta
866 2682 990 2770 coacti,-

78 2812 189 2881 Enitor
204 2809 545 2906 geminos,duroque
561 2809 623 2878 sub
640 2809 771 2904 hospite
788 2823 894 2877 mater

79 2931 201 3002 Nomen
218 2933 274 3001 avi
290 2955 416 3001 renovo
434 2955 442 2999 ε
461 2956 524 3001 nec
540 2956 615 3025 qua
632 2931 767 3000 fortuna
786 2927 920 2999 relictis'

80 3053 178 3122 Nosse
194 3053 313 3122 datum
330 3079 338 3121 ε
352 3054 423 3147 jam
439 3052 538 3149 plena
553 3067 673 3148 quater
689 3051 917 3148 quinquennia
931 3057 1090 3142 pergunt,

81 3174 112 3241 Si
128 3174 225 3243 modo
242 3173 312 3244 fata
329 3175 460 3262 sinunt,
477 3172 626 3267 aluitque
641 3187 760 3269 rogata
776 3175 925 3266 Lycaste.
1049 3167 1052 3174 ⁴

124 3297 354 3365 «Detumuere
371 3295 474 3365 animi
495 3297 614 3382 maris,
635 3309 669 3363 et
685 3292 883 3363 clementior.
894 3293 1014 3360 Auster

83 3412 160 3483 Vela
175 3430 297 3484 vocat:
315 3417 396 3484 ratis
413 3417 485 3510 ipsa
502 3440 632 3484 moram
648 3429 832 3512 portusque
849 3415 978 3507 quietos

84 3533 176 3622 Odit,
194 3550 228 3605 et
245 3539 365 3605 assueti
383 3536 489 3605 tendit
507 3534 690 3606 retinacula
707 3537 788 3605 saxi.

86 3654 159 3724 Inde
178 3654 291 3752 sugam
308 3659 451 3752 Minya,
472 3660 644 3752 sociosque
664 3655 812 3754 appellat
828 3659 926 3724 lason
1005 3672 1006 3675 ’

85 3773 228 3865 Efferus,
246 3802 268 3846 o
287 3779 415 3846 utinam
430 3779 501 3871 jam
518 3794 591 3849 tum
607 3803 680 3848 mea
697 3777 797 3848 litora
814 3778 912 3845 rectis

86 3895 315 3968 Praetervectus
332 3900 444 3992 aquis,
464 3901 519 3969 oui
536 3925 605 3969 non
623 3925 683 3969 sua
700 3901 843 3994 pignora
860 3894 973 3982 cordi,

85 4012 157 4082 Non
172 3998 335 4111 promissa
353 4018 435 4088 fides
454 4045 463 4087 z
482 4034 571 4090 certe
588 4035 654 4091 stat
670 4020 758 4090 fama
776 4019 910 4088 remotis
