2934 4950
104 454 135 513 (r.
149 458 218 519 385-)
415 456 629 515 THEBAIDOS
652 460 762 517 LIBER
782 460 851 521 vt„

102 578 279 674 Extemplo
297 582 444 651 Nemeen
461 581 612 651 radiante
627 607 685 676 per
701 584 824 652 aetbera
839 579 925 653 salt'u

102 700 206 769 Ocior
222 714 256 768 et
273 702 383 793 patrio
400 704 492 771 venit
508 705 583 797 igne
601 704 734 797 suisque
753 707 890 799 sagittis.

100 825 175 914 lpse
192 820 273 889 olim
288 823 324 891 in
341 825 453 911 terris,
472 823 554 893 ooelo
573 826 713 920 vestigia
729 825 872 913 durant,

100 940 268 1037 Claraque
287 969 347 1040 per
368 946 536 1040 Zephyros
555 948 739 1017 etiamnum
758 950 876 1017 semita
895 948 994 1019 lueet.

147 1070 192 1136 Et
208 1067 281 1160 jam
302 1068 437 1136 sortitus
458 1068 623 1137 Prothous
645 1083 793 1164 versarat
812 1069 917 1137 ebena

99 1185 256 1273 Casside;
270 1187 407 1281 jamque
425 1187 653 1283 locus'ouique
670 1163 737 1277 est,
755 1189 793 1258 et'
805 1188 932 1268 liminis
944 1192 1038 1259 ordo.

97 1310 281 1377 Terrarum
298 1307 417 1377 deoora
435 1304 546 1403 ampla
561 1312 643 1397 viri,
663 1309 785 1379 decora
802 1310 912 1405 ampla
924 1310 1071 1406 jugales,

96 1430 225 1497 Divum
245 1443 424 1524 utrumque
445 1454 568 1525 genus,
590 1446 679 1500 stant
697 1454 765 1500 uno
782 1434 932 1527 margine
950 1431 1070 1517 clausi3

96 1552 264 1644 Spesque,
285 1550 458 1644 audaxque
479 1577 545 1620 una
565 1567 689 1639 metus,
709 1567 743 1620 et
762 1551 884 1620 fidncia
900 1551 1038 1647 pallens.

96 1669 151 1739 Nil
170 1670 277 1741 fixum
297 1671 389 1741 cordi
409 1698 416 1739 :
436 1687 587 1767 pugnant
604 1673 711 1761 exire,
729 1675 944 1767 parentque:

68 1862 72 1873 ,
95 1794 280 1861 Concurrit
298 1818 445 1862 summos
461 1794 648 1862 animosum
664 1794 770 1889 frigus
787 1795 822 1861 in
838 1809 940 1862 artus.

94 1914 164 2002 Qui
184 1913 345 2003 dominis,
362 1914 452 1983 idem
471 1914 572 1984 ardor
586 1917 707 2009 equis:
728 1916 799 1987 face
814 1912 939 1983 lumina
956 1933 1115 2010 snrgunt,

94 2041 166 2105 Ora
181 2052 303 2105 sonant
316 2062 446 2123 morsu,
460 2038 666 2132 spumisque,
681 2052 714 2106 et
727 2038 889 2131 sanguine
902 2036 1027 2105 ferrum

94 2158 233 2245 Uritur,
249 2157 382 2252 impulsi
398 2172 566 2251 nequeunt
581 2157 742 2227 obsistere
757 2170 887 2251 postes,

93 2280 332 2374 Claustraque,
348 2304 541 2375 compressae
556 2278 755 2348 transfumat
770 2278 935 2348 anhelitus
951 2282 1017 2350 irae.

92 2404 189 2472 Stare
209 2401 292 2471 adeo
310 2404 466 2472 miserum
484 2399 546 2472 est!
566 2416 706 2498 pereunt
722 2403 863 2499 vestigia
879 2401 970 2471 mille

94 2529 180 2594 Ante
194 2524 324 2620 fugam,
340 2527 578 2618 absentemque
591 2523 667 2592 ferit
682 2526 791 2617 gravis
808 2523 932 2619 ungula
946 2548 1112 2618 campum.

92 2647 322 2716 Circumstant
340 2646 415 2733 fidi,
434 2670 622 2739 nexusque,
641 2659 674 2712 et
692 2660 779 2713 torta
794 2644 953 2738 jubarum

91 2767 301 2862 Expediunt,
320 2767 520 2861 firmantque
537 2769 684 2854 animos,
703 2781 736 2834 et
753 2762 896 2860 plurima
913 2781 1111 2837 monstrant-

139 2890 297 2959 Insonuit
314 2891 431 2958 eontra
447 2890 656 2984 Tyrrhenum
676 2879 843 2975 murmur,
862 2903 894 2956 et
912 2910 1028 2958 omnes

91 3008 267 3080 Exsiluere
280 3010 354 3082 loco
371 3037 469 3106 :quae
484 3025 614 3080 tantum
632 3010 770 3078 carbasa
784 3009 912 3103 ponto?

91 3132 179 3219 Quae
195 3129 283 3200 bello
300 3133 346 3200 sic
364 3131 428 3201 tela
446 3130 580 3200 volanti
598 3155 671 3225 quae
688 3129 805 3199 nubila
820 3129 924 3200 coelo?

91 3253 257 3322 Amnibus
271 3253 426 3348 hybernis
440 3255 550 3322 minor
564 3267 629 3341 est,
644 3254 756 3322 minor
770 3255 914 3346 impetus
927 3253 998 3347 igni
1014 3278 1021 3318 :

90 3373 236 3443 Tardius
251 3389 338 3444 astra
353 3373 476 3443 cadunt
491 3401 499 3442 :
515 3372 744 3469 glomerantur
758 3373 885 3442 tardius
900 3372 1020 3440 imbres
1036 3397 1044 3438 ε

90 3493 235 3564 Tardius
248 3519 267 3564 e
281 3519 412 3567 summo
425 3494 607 3565 decurrunt
621 3493 759 3562 ilumina
773 3509 897 3563 monte.

140 3620 286 3687 Emissos
300 3616 426 3706 videre,
442 3631 543 3711 atque
557 3639 722 3712 agnovere
734 3613 875 3710 Pelasgi.
916 3659 920 3666 ι

91 3745 135 3809 Et
149 3740 218 3832 jam
234 3741 321 3834 rapti
338 3739 458 3825 oculis,
474 3739 544 3831 jam
560 3762 647 3808 caco
663 3733 801 3831 pulvere
820 3737 913 3803 mixti

92 3862 170 3930 Una
187 3863 222 3930 in
240 3861 329 3930 nube
347 3859 464 3948 latent,
484 3859 662 3953 vultusque
680 3857 857 3927 umbrante
873 3853 1034 3944 tumultu,

92 3985 159 4052 Vix
174 3985 262 4052 inter
279 4007 348 4052 sese
364 3981 509 4051 clamore
527 3997 560 4051 et
579 3983 715 4050 nomine
734 3991 885 4046 noscunt.

93 4103 254 4175 Evolvere
273 4103 425 4200 globum,
445 4119 479 4172 et
497 4105 603 4198 spatio
621 4127 688 4196 quo
706 4101 846 4194 quisque
862 4095 993 4168 valebat
