2934 4950
84 385 195 448 (v.595.)
383 383 595 442 Tutattttos
618 385 726 442 LIBER
750 382 801 440 Xl.
1070 387 1125 442 225

85 515 184 606 lnjice
199 512 394 582 funeribus:
415 527 591 582 cunctatur
610 515 720 581 nescia
739 515 854 606 virgu-

58 671 63 679 ·
84 633 174 722 Quid
194 648 314 728 paret:
335 633 522 728 impediunt
541 636 616 714 iter,
637 633 884 728 implicitosque
902 651 1078 705 morantur

83 761 203 843 Arma,
225 756 305 843 viri,
323 781 461 843 currus,
480 755 615 850 altaque
633 757 666 824 in
683 771 795 852 strage
811 755 943 826 seniles-

83 876 251 948 Defieiunt
269 901 420 972 gressus,
434 889 474 946 ‘et
494 875 770 948 dux.miseranda
785 876 924 947 laborat.

83 1003 129 1068 Ut
143 1000 282 1094 quaesita
298 998 357 1068 diu
375 999 574 1084 monstrauit
591 1023 736 1093 corpora
754 999 895 1069 clamor·

82 1121 250 1215 Virginis,
271 1121 427 1192 insternit
445 1133 534 1190 totos
555 1119 753 1216 frigentibus
772 1137 876 1190 artus.

83 1246 151 1314 Nec
171 1270 236 1313 vox
252 1242 319 1314 ulla
337 1246 408 1313 seni
427 1271 436 1314 ε
451 1246 553 1338 jacet,
572 1245 795 1340 immugitque
811 1247 958 1317 cruentis

81 1364 302 1452 Vulneribus,
322 1390 382 1434 nec
401 1367 503 1434 verba
523 1364 581 1434 diu
599 1381 726 1438 tentata
744 1383 941 1462 sequuntur.

80 1491 169 1558 Dum
185 1501 306 1557 tractat
324 1485 450 1581 galeas,
469 1501 570 1581 atque
587 1511 647 1558 cra
666 1487 806 1558 latentia
824 1491 962 1584 quaerit,

79 1607 228 1677 Tandem
243 1623 339 1676 muta
357 1608 470 1676 furens
490 1609 621 1703 genitor
643 1611 784 1704 suspiria
800 1609 900 1680 solvit
919 1633 928 1679 ε

128 1759 144 1792 α
158 1727 267 1797 Tarda
286 1753 416 1819 meam,
436 1731 560 1824 pietas,
577 1728 678 1826 longo
697 1747 773 1826 post
794 1747 944 1826 tempore
964 1749 1111 1802 mentem
1132 1754 1134 1765 ¹

77 1850 246 1921 Percutis?
265 1865 358 1921 estne
376 1852 437 1921 sub
456 1851 521 1921 hoc
540 1852 685 1922 hominis
703 1851 880 1930 clementia
899 1852 1025 1923 corde?

79 1973 193 2040 Vincis
211 1997 265 2043 me
283 1973 462 2058 miserum,
482 1974 606 2061 vincis,
627 1988 763 2063 natura,
781 1990 966 2068 parentem.

77 2099 129 2162 En
146 2093 255 2164 habeo
276 2097 417 2189 gemitus
429 2091 445 2182 ,'
456 2095 676 2189 lacrymaeque
694 2089 754 2190 per
774 2095 867 2166 arida
884 2111 1024 2192 serpunt

77 2214 248 2303 Vulnera,
268 2217 355 2285 etin
373 2215 488 2286 molles
507 2219 658 2312 sequitur
677 2242 798 2320 manus
818 2220 920 2314 impia
936 2217 1102 2311 planctus.

30 2391 33 2396 .
77 2340 229 2433 Accipite
247 2338 391 2410 infandae
409 2342 499 2434 justa
517 2338 716 2434 exsequialia
736 2343 873 2425 mortis,

75 2459 252 2548 Crudeles,
273 2457 481 2557 nimiumque
502 2463 595 2532 mei:
619 2488 678 2533 nec
697 2488 833 2533 noscere
851 2479 962 2553 natos,

75 2581 334 2677 Alloquiumque
355 2598 470 2679 aptare
487 2583 563 2653 licet
584 2610 592 2653 ε
614 2583 686 2669 dic,
704 2586 820 2680 virgo,
839 2588 1005 2681 precanti,

74 2707 189 2795 Quem
206 2704 325 2773 teneo?
344 2730 413 2799 quo
433 2730 523 2775 nunc
542 2721 669 2776 vestras
688 2730 751 2801 ego
767 2730 873 2775 saevus
888 2705 1017 2775 bonore

74 2832 263 2925 Prosequar
284 2830 443 2901 inferias?
462 2855 483 2899 ο
504 2832 531 2899 si
552 2828 707 2901 fodienda
727 2828 875 2901 redirent

73 2956 237 3045 Lumina,
258 2958 344 3033 etin
361 2956 475 3027 vultus
496 2958 610 3027 saevire
629 2982 669 3025 ex
687 2980 781 3025 more
798 2954 959 3051 potestas!
992 3036 995 3040 ¹

73 3082 149 3147 Heu
170 3075 285 3148 dolor!
306 3079 371 3148 heu
388 3064 484 3175 justo*
498 3080 604 3175 magis
622 3078 776 3149 exaudita
798 3079 945 3173 parentis

72 3202 180 3287 Vota,
200 3200 360 3295 malaeque
376 3198 509 3297 preces!
532 3182 685 3296 quisnam
705 3200 770 3270 fuit
789 3199 845 3269 ille
857 3204 1029 3284 -Dcorum,

45 3318 51 3325 ’
73 3321 146 3410 Qui
168 3323 260 3391 stetit
277 3297 431 3393 orantem
446 3323 560 3418 juxta,
580 3304 812 3418 praeceptaque
831 3321 933 3391 verba

70 3444 224 3513 Dictavit
241 3443 338 3514 fatis?
354 3436 449 3514 bucr
466 3443 540 3530 illa,
558 3458 592 3514 et
606 3446 711 3513 mevit
727 3446 888 3538 Erinnys,

71 3569 114 3635 Et
132 3581 239 3662 pater,
259 3562 301 3635 et
312 3567 473 3662 genitrix,
492 3582 526 3636 et
546 3591 650 3660 regna
668 3564 825 3659 oculique
841 3551 1014 3652 cadentes3

71 3687 129 3757 Nil
150 3712 213 3783 ego
230 3714 238 3755 ι
256 3712 316 3783 per
332 3676 444 3757 Ditem
461 3690 538 3782 juro
557 3686 737 3782 dulcesque
754 3687 927 3774 tenebras,
979 3746 984 3761 .

71 3810 348 3903 Immeritamque
367 3808 504 3899 ducem,
524 3810 659 3879 subeam
681 3811 727 3877 sic
747 3812 887 3879 Tartara
907 3808 1009 3905 digna

71 3934 204 4019 Morte,
225 3956 286 4001 nec
307 3928 391 4001 irata
407 3932 514 4028 fugiat
533 3958 586 4001 me
606 3934 708 4003 Laius
724 3932 852 4003 umbra.

71 4054 134 4122 Hei
154 4053 254 4135 mihi,
275 4080 359 4148 quos
379 4078 481 4127 nexus
497 4053 654 4144 flatrum,
672 4079 746 4150 quea
765 4051 905 4123 vulnera
922 4052 1046 4125 tracto!

125 4228 131 4237 .
224 4202 260 4246 rt.
936 4174 976 4245 15
