2934 4950
323 481 380 536 310
698 473 999 530 ADNOTATIONES

320 596 381 672 regi
393 595 484 652 verbo
504 595 637 662 credulo,
652 591 701 649 sed
720 589 758 648 ad
772 603 861 648 totam
882 591 1051 647 sententiam
1069 592 1244 662 referendae,
1265 593 1310 648 ita
1330 611 1385 646 ex·

320 689 453 762 plicatam
473 707 489 743 a
514 687 665 742 Gronovio
685 706 692 741 :
713 687 785 741 «Eo
802 685 976 759 respiciunt,
995 684 1077 758 quod
1096 697 1178 760 pater
1200 685 1384 742 vocabulum

320 780 372 836 filii
399 801 459 838 uon
477 782 513 837 ab
537 779 706 855 incipiendis
733 778 803 834 belli
826 778 944 838 thebani
962 779 1060 850 malis,
1084 779 1134 835 sed
1159 798 1176 835 a
1203 779 1384 853 superandis

320 873 401 947 latis,
417 875 522 950 quibus
539 873 621 950 quasi
634 873 833 930 dominantur
845 871 921 952 (ἀρχὴ
941 883 970 928 et
990 870 1082 952 μέρος),
1096 873 1203 929 ‹lictmn
1221 873 1280 929 sibi
1293 871 1385 928 finxit

320 979 349 1024 et
362 969 511 1043 persuasit.
527 993 540 1018 u
554 971 598 1024 Ac
606 965 738 1024 sufficere
747 966 876 1024 nedoin
888 966 932 1023 lais
944 966 1040 1023 verbis
1054 967 1175 1041 simplex
1187 969 1312 1023 credula
1325 987 1383 1041 pro

321 1073 427 1130 mater,
444 1062 512 1136 quia
530 1060 670 1117 muliebre
689 1079 764 1134 opus
777 1071 911 1116 narratur
925 1080 1041 1136 :neque
1059 1060 1221 1136 urgendum
1234 1073 1383 1134 sceptrum

276 1157 278 1164 '
321 1155 458 1211 intrusio
474 1153 533 1210 fine
549 1154 703 1210 sententie.
718 1155 786 1212 llaec
799 1153 823 1210 si
836 1154 1003 1228 displicent,
1017 1153 1099 1210 adest
1118 1153 1189 1210 lenis
1209 1154 1383 1210 emendatio
1459 1202 1460 1205 ,

321 1248 476 1320 Gronovii,
492 1249 642 1304 aWebero
656 1257 772 1322 recepta
786 1267 793 1303 τ
805 1266 871 1324 spes
890 1248 970 1303 ovrssdi
981 1244 1111 1324 (patris),
1136 1266 1224 1321 quas,
1246 1259 1303 1304 etc.
1324 1249 1383 1304 Sed

321 1341 443 1398 offendit
456 1352 538 1416 pater
551 1353 643 1398 uestes
657 1359 769 1417 urgens.
1459 1398 1460 1417 2

362 1437 469 1492 Montis
482 1455 553 1492 onus
566 1432 606 1514 (r.
622 1432 681 1512 86).
693 1435 836 1492 Weberus
849 1432 925 1506 conj.
943 1453 1029 1511 opus,
1044 1453 1080 1490 ex
1094 1435 1191 1510 virg„
1206 1433 1380 1500 sitientum,
1459 1464 1460 1477 .

321 1529 408 1586 immo
422 1529 513 1604 pejus.

363 1625 480 1699 Peragit
493 1621 532 1700 (v.
550 1619 626 1700 109).
646 1621 732 1678 ltlulti
745 1620 833 1677 codd.
850 1641 856 1674 :
866 1623 990 1697 peredit.
1010 1623 1069 1679 Sed
1083 1635 1159 1680 amat
1166 1623 1241 1678 illud
1257 1623 1378 1678 verbum

320 1717 437 1774 Statius.

365 1812 427 1882 Quo
449 1811 526 1866 bella
547 1823 683 1886 geruntur
699 1809 737 1887 (v.
763 1809 839 1889 117).
861 1813 925 1867 Put.
940 1821 969 1865 et
989 1829 1006 1864 a
1030 1810 1078 1866 alii
1097 1831 1104 1865 :
1120 1813 1280 1887 gerebant,
1298 1811 1378 1885 quod

321 1906 430 1962 melius.
454 1907 491 1963 Et
512 1906 569 1979 hoc
585 1905 686 1981 legisse
710 1905 905 1975 Lactantium,
932 1923 967 1959 ex
988 1904 1228 1979 interpretatione
1249 1915 1376 1979 apparet.

321 2003 411 2064 unte,
433 2015 460 2052 v.
485 2005 582 2066 114,a
600 2006 673 2070 optt.
690 1997 800 2052 Barthii
818 2017 825 2030 ·
843 1999 885 2053 sic
898 2015 969 2052 curn.

364 2091 453 2146 Cornu
466 2109 554 2165 grave
567 2090 659 2166 mugit
675 2087 712 2165 (v.
727 2086 804 2167 rao).
827 2091 882 2145 ΜΒ
899 2110 907 2144 :
923 2113 937 2140 c
947 2107 1034 2164 grave
1047 2109 1139 2146 cornu
1157 2089 1268 2170 mugit,
1280 2116 1293 2140 ι
1303 2090 1376 2145 unde

321 2181 489 2239 Wakefield.
502 2183 546 2236 ad
561 2185 671 2238 Lucret.
682 2223 691 2250 ,
707 2202 749 2253 ιν,
764 2180 820 2252 547
831 2202 841 2238 t
853 2208 867 2235 α
877 2201 919 2259 gr.
935 2203 961 2238 c.
978 2184 1107 2258 immugit
1119 2183 1165 2239 ad.
1176 2207 1192 2234 a

365 2279 530 2333 Sustentant
542 2278 629 2332 livida
645 2275 682 2352 (r.
703 2275 756 2332 133
774 2275 839 2352 sq.).
859 2276 1016 2350 «Nonium
1028 2293 1115 2351 posse
1126 2278 1311 2354 Hypsipylen
1320 2289 1373 2331 tam

322 2371 456 2427 atrociter
469 2372 500 2426 in
518 2371 651 2446 planctus
668 2371 765 2428 furere
779 2371 865 2440 dicit,
882 2371 1005 2427 inventis
1018 2390 1123 2446 nempe
1136 2370 1218 2442 filiis,
1237 2391 1327 2446 quam
1336 2372 1375 2426 ie—

322 2477 399 2522 cerat
417 2477 491 2522 ante.
511 2465 623 2523 Gaudia
638 2466 713 2523 enim
727 2477 863 2537 mentem,
877 2465 994 2522 brachia
1013 2466 1174 2523 attinebant
1186 2463 1248 2521 filii.
1259 2493 1273 2517 ι

1035 2629 1040 2641 .
1201 2562 1313 2617 Bam.

363 2657 404 2707 At
425 2665 473 2708 tuo
498 2650 537 2731 (v.
558 2660 613 2720 144
632 2648 697 2730 sq.).
718 2654 807 2708 «Vox
820 2653 974 2729 plangitur
994 2657 1045 2714 ἀπὸ
1066 2668 1144 2715 κρινῶ
1165 2651 1286 2725 utrique
1303 2654 1374 2728 parti

322 2745 466 2802 sententiae
492 2744 662 2819 applicanda
686 2755 737 2803 est.
752 2770 766 2797 υ
783 2748 901 2801 Maera.
926 2746 969 2799 od
991 2746 1057 2801 Sin.
1082 2766 1123 2816 u,
1139 2745 1173 2816 3,
1189 2743 1237 2816 75.
1259 2748 1327 2821 Seq.
1348 2767 1373 2799 v.

321 2839 395 2895 bene
407 2840 462 2894 ΜΒ
477 2849 506 2895 et
524 2855 541 2893 a
557 2838 605 2895 alii
623 2838 807 2895 :uptimitias
824 2858 895 2915 ego,
909 2839 984 2894 heu!
996 2840 1065 2896 laer.
1080 2866 1106 2910 a,
1122 2859 1177 2915 pro
1192 2854 1314 2916 egomet.

364 2936 436 2989 Haec
451 2934 532 2989 illa...
547 2932 612 2989 itoec
618 2934 730 3009 pietate
753 2932 790 3008 (v.
810 2933 865 2989 152
881 2930 936 3009 sq.)
953 2934 1119 2991 Gronovius
1136 2934 1214 3007 conj.
1230 2955 1237 2989 :
1260 2934 1318 2990 hoc
1337 2939 1373 2991 i...

322 3026 378 3081 dac
385 3048 434 3103 p,
455 3026 483 3081 vi
497 3026 614 3099 majore.

367 3121 487 3175 Vulnere
493 3120 575 3190 justo
589 3118 628 3194 (v,
647 3116 722 3195 175).
741 3121 796 3174 ΜΒ
816 3140 823 3173 :
832 3119 955 3193 funere,
969 3120 1051 3197 quod
1071 3140 1173 3177 verum
1193 3123 1320 3178 Barthio.

365 3198 514 3269 Obmutuit
527 3210 566 3291 (v.
588 3210 663 3295 185).
677 3211 771 3268 Codd.
787 3214 873 3290 longe
886 3214 1020 3289 plurimi,
1031 3213 1117 3269 etiam
1132 3216 1188 3269 ΜΒ
1204 3234 1212 3268 :
1228 3218 1373 3271 immutent.

323 3308 397 3361 Ante
411 3305 488 3361 idem
507 3318 566 3363 eta
583 3307 618 3361 al.
634 3305 744 3360 Barthii
760 3326 767 3360 t
787 3307 902 3363 exsiliit.

367 3398 520 3474 Oppositas
534 3397 572 3475 (v.
593 3395 669 3475 192).
685 3398 773 3453 Multi
789 3398 875 3456 codd.
894 3420 959 3456 cum
973 3402 1028 3457 ΜΒ
1043 3411 1120 3456 recte
1135 3421 1142 3455 ε
1157 3402 1324 3477 appositos,
1337 3421 1373 3457 sc.

322 3491 352 3545 in
370 3491 498 3560 stabulo,
518 3502 551 3546 ut
571 3491 652 3547 addit
667 3492 759 3548 Gloss.
781 3493 828 3548 Sic
848 3493 933 3549 etiam
951 3492 1092 3566 judicavit
1109 3492 1223 3549 Wakei.
1247 3494 1292 3548 nd
1315 3496 1371 3549 lu-

322 3595 398 3651 ere-t,
419 3602 461 3653 ιι,
477 3582 550 3656 36ι,
570 3594 706 3657 preterea
723 3602 810 3640 versu
822 3586 943 3659 praeced.
957 3605 1031 3641 nunc
1046 3586 1165 3641 arbusta
1179 3604 1332 3660 reponens

248 3738 251 3746 ¹
364 3676 513 3751 Cultusque
531 3678 667 3733 Tonantis
687 3675 725 3757 (r.
745 3677 967 3757 193).‹1Iniulas
986 3679 1057 3736 dicit
1071 3680 1176 3754 quibus
1191 3692 1312 3738 omiatars
1326 3681 1372 3736 in-

323 3781 455 3841 cesserat,
469 3770 536 3845 quia
548 3783 607 3827 erat
621 3771 762 3829 sacerdos.
780 3796 792 3824 u
807 3774 941 3828 Laom-
950 3775 1005 3828 ΜΒ
1021 3793 1028 3828 :
1045 3787 1281 3839 c.sonontes,e1
1290 3795 1317 3829 r.
1328 3795 1372 3846 77.
1459 3771 1460 3832 ξ

368 3864 448 3939 Ignis
466 3866 619 3921 Exclamat
626 3862 663 3945 (v.
681 3885 737 3923 nou
747 3865 812 3943 sip).
821 3892 832 3917 u
841 3867 960 3923 Fallitur
973 3868 1152 3941 Lactantius,
1163 3867 1215 3943 qui
1228 3869 1370 3944 interpre-

326 3968 402 4012 tatur
420 3976 482 4012 cum
496 3961 601 4034 crepitu
619 3972 710 4015 sonat.
727 3962 776 4016 Est
796 3981 802 4015 :
819 3958 897 4036 Ignis
917 3960 1056 4037 incipiens
1072 3974 1193 4019 renovat
1207 3966 1370 4039 complora-

323 4050 446 4119 tionem,
461 4040 569 4107 etfacit
588 4064 618 4107 nt
639 4055 819 4109 conclament
834 4053 974 4112 dolentes.
994 4055 1041 4111 Sic
1057 4055 1109 4130 qni
1125 4056 1231 4128 jubent
1252 4077 1329 4127 rem,
1344 4070 1370 4110 ct

324 4163 435 4200 causam
459 4158 507 4201 aut
523 4166 734 4225 quamcumque
752 4148 929 4207 occasionem
951 4150 1020 4205 dant
1034 4150 1111 4224 ejus,
1126 4150 1221 4208 iacere
1242 4172 1302 4208 eam
1324 4152 1368 4207 di-
