2934 4950
338 467 394 538 278
641 467 896 524 ACHILLRIDOE
919 466 1034 524 LIBER
1056 469 1078 524 l.
1268 474 1302 535 (r.
1315 475 1380 540 sax.)

337 591 493 664 AEacideu
513 593 602 664 liuto
618 593 688 687 jam
708 608 848 663 noverat
865 618 933 664 una
953 591 1113 665 latentem

336 713 509 785 Deidamia
529 715 638 786 virum
658 741 667 783 ε
685 713 744 784 sed
761 729 887 809 opertae
901 717 1034 785 conscia
1053 714 1160 813 culpae

336 839 465 906 Cuncta
485 852 599 932 pavet,
618 837 800 931 tacitasque
810 852 913 932 putat
934 839 1057 908 sentire
1075 863 1216 908 sorores.

336 961 488 1054 Namque
506 974 544 1028 ut
563 960 712 1054 virgineo
726 961 819 1028 stetit
833 961 968 1054 agmine
985 958 1095 1031 clarus
1116 960 1282 1052 Achilles,

334 1080 551 1175 Exsolvitque
568 1080 686 1151 rudem
701 1083 847 1177 genitrix
868 1081 1017 1177 digressa
1036 1083 1219 1179 pudorem,
1449 1168 1450 1189 Χ

335 1203 493 1272 Protinus
512 1200 611 1298 elegit
631 1203 806 1291 comitem,
823 1227 1016 1297 quanquam
1037 1206 1147 1275 omnis
1167 1207 1203 1275 in
1221 1205 1319 1277 illum

336 1325 451 1395 Turba
468 1327 556 1409 coit,
577 1323 768 1420 blandeque
785 1351 889 1396 novas
907 1325 955 1394 nil
971 1324 1037 1396 tale
1053 1329 1185 1396 timenti

335 1445 502 1517 Admovet
522 1445 656 1517 iusidias
678 1474 685 1517 :
706 1445 796 1516 illam
814 1450 1050 1543 sequiturque,
1070 1450 1262 1543 premitque

334 1571 512 1664 lmprobus
533 1596 541 1638 ε
561 1568 652 1638 illam
666 1569 771 1640 oculis
789 1572 976 1664 iterumque
997 1572 1187 1665 iterumque
1204 1575 1354 1642 resumit.

335 1694 436 1763 Nunc
455 1693 577 1762 nimius
597 1692 692 1762 lateri
709 1717 778 1762 non
798 1693 953 1762 evitantis
970 1691 1117 1762 adheret
1139 1720 1148 1761 τ

336 1817 438 1884 Nunc
458 1813 587 1885 levibus
606 1817 720 1902 sertis,
741 1813 842 1910 lapsis
861 1839 953 1885 nunc
972 1830 1092 1909 sponte
1111 1817 1291 1907 canistris,

336 1938 436 2008 Nunc
455 1937 568 2031 thyrso
586 1950 746 2031 parcente
763 1935 839 2005 ferit
857 1962 865 2004 :
884 1933 985 2004 modo
1004 1935 1114 2005 dulcia
1135 1952 1224 2007 notae

335 2057 406 2126 Fila
424 2055 519 2151 lyrae,
537 2073 720 2152 tenuesque
739 2057 874 2144 modos,
893 2074 927 2127 et
943 2059 1092 2128 carmina
1108 2075 1277 2130 monstrat

336 2180 509 2268 Chironis,
531 2180 687 2274 ducitque
707 2204 862 2267 manum,
881 2179 1070 2275 digitosque
1086 2184 1221 2251 sonanti

335 2302 492 2397 Infringit
514 2303 649 2372 citharae
665 2327 784 2392 :nunc
805 2317 1025 2396 occupatore
1044 2305 1214 2391 canentis,

336 2427 380 2493 Et
399 2421 480 2518 ligat
501 2421 693 2519 amplexus,
711 2439 747 2493 et
763 2421 855 2493 milla
874 2447 936 2518 per
954 2422 1067 2494 oscula
1085 2423 1209 2495 laudat.

335 2545 396 2615 Illa
417 2545 522 2615 libens
543 2546 657 2631 discit,
678 2570 746 2640 quo
766 2547 888 2616 vertice
904 2545 1034 2636 Pelion,
1053 2562 1086 2616 et
1105 2548 1179 2642 quis

337 2667 502 2753 AEacides,
522 2668 683 2761 puerique
698 2667 851 2735 auditum
868 2693 993 2737 nomen
1011 2684 1044 2737 et
1064 2685 1158 2739 actus
1217 2686 1221 2691 ’

336 2788 475 2857 Assidue
492 2803 622 2882 stupet,
643 2802 677 2857 et
694 2774 891 2882 presentem
911 2805 1025 2860 cantat
1040 2790 1214 2863 Achillem.

335 2915 413 3005 Ipsa
431 2934 564 3005 quoque
584 2925 617 2980 et
637 2908 764 2979 validos
784 2910 938 3005 prolerre‘
954 2911 1136 2983 modestius
1154 2931 1268 3006 artus,

335 3035 380 3101 Et
397 3045 533 3101 tenuare
551 3030 651 3101 rudes
669 3032 784 3101 attrito
802 3030 923 3126 pollice
940 3032 1032 3103 lanas

337 3156 569 3240 Demonstrat,
587 3152 762 3247 reficitque
780 3153 886 3243 colos,
907 3171 940 3225 et
959 3144 1089 3252 perdita
1108 3158 1192 3228 dura

334 3276 440 3342 Pensa
461 3299 583 3363 manu3
605 3276 762 3369 vocisque
780 3295 919 3365 sonum,
938 3279 1138 3375 pondusque
1156 3284 1318 3372 tenentis,

336 3393 505 3489 Quodque
523 3395 608 3491 fugit
626 3398 782 3487 comites,
804 3401 908 3469 nimio
924 3400 1015 3495 quod
1033 3399 1159 3471 lumine
1176 3428 1249 3473 sese

336 3516 448 3610 Figat,
466 3530 499 3585 et
518 3518 552 3586 in
574 3517 684 3588 verbis
704 3521 956 3615 intempestivus
976 3520 1128 3612 anhelet,

334 3636 480 3706 Miratur
499 3663 507 3705 ε
523 3638 592 3732 jam
609 3640 746 3735 jamque
765 3640 859 3712 dolos
875 3645 1006 3738 aperire
1024 3659 1199 3739 parantem

275 3742 279 3759 ¹
334 3759 494 3853 Virginea
512 3756 644 3831 levitate
664 3762 765 3856 fugit,
785 3764 1008 3860 prohibetque
1027 3766 1135 3836 fateri.

334 3880 388 3948 Sic
410 3881 472 3950 sub
491 3897 597 3953 matre
614 3884 706 3954 Rhea
722 3886 856 3979 juvenis
872 3904 1032 3985 regnator
1050 3888 1189 3986 Olympi

335 3999 459 4070 Oscula
478 4028 602 4074 securae
620 4004 721 4079 dabat
740 4008 898 4080 insidiosa
917 4012 1024 4081 sorori

336 4125 451 4192 Frater
470 4125 595 4218 adhuc,
615 4128 715 4199 medii
736 4129 843 4200 donec
860 4134 1044 4203 reverentia
1064 4136 1162 4205 cessit
