2934 4950
52 455 83 510 (r.
97 451 147 512 55.)
363 447 576 504 THEBAIDOS
598 447 707 504 thtttlt
730 448 766 504 X.

47 579 182 672 tangit,
200 589 233 644 et
250 575 395 669 aggestis
413 571 552 668 vigilant
568 565 684 642 altaria
703 572 854 642 flammis.

49 698 192 794 Peplnm
209 698 310 766 etiam
326 694 431 781 dono,
447 695 541 789 cujus
557 693 710 765 mirabile
727 711 854 764 textum

47 819 150 889 Nulla
169 844 288 889 manus
308 816 450 902 sterilis,
468 841 530 886 nec
544 815 720 886 dissociata
733 819 854 886 marito

48 947 224 1027 versarat,
240 939 379 1010 calathis
395 953 493 1008 castae
511 935 676 1008 velamina
690 940 785 1010 Divae

48 1060 148 1131 Haud
168 1060 356 1155 spernenda
377 1061 508 1144 ferunt,
525 1062 625 1129 variis
645 1061 702 1128 ubi
723 1059 865 1154 plurima
886 1061 983 1130 lloret

47 1189 203 1277 Purpura
223 1185 310 1276 picta
329 1180 456 1266 modis,
479 1183 651 1275 mixtoque
668 1182 859 1252 incenditur
873 1208 966 1252 auro.

48 1310 122 1398 lpsa
147 1303 214 1373 illic
232 1305 343 1398 magni
363 1301 511 1372 thalamo
528 1302 693 1396 desponsa
713 1305 895 1389 'l'onantis,

50 1433 179 1522 Expers
198 1425 378 1510 connubii,
398 1439 432 1492 et
452 1423 567 1494 timide
587 1403 734 1517 positura
752 1452 918 1514 sororem,

49 1551 193 1618 Lumine
211 1547 354 1636 demisso
373 1546 466 1640 pueri
485 1547 576 1614 Jovis
594 1545 708 1615 oscula
723 1545 807 1616 libat

48 1668 215 1764 Simplex,
232 1684 266 1738 et
284 1667 435 1737 nondum
454 1667 551 1736 furtis
567 1667 697 1737 offensa
719 1669 841 1738 mariti.

48 1798 121 1862 lloc
138 1806 219 1860 tunc
238 1789 401 1884 Argolicae
418 1803 571 1857 sanctum
590 1786 754 1858 velamine
772 1803 895 1860 matres

50 1914 234 1983 Induerant
251 1913 351 1998 ebor,
369 1925 403 1979 et
418 1909 573 2004 lacrymis
590 1927 780 2005 questuque
798 1912 987 2008 rogabant:
1015 1957 1019 1962 ·

96 2063 114 2098 a
131 2033 276 2128 Adspice
297 2030 473 2127 sacrilegas
492 2031 647 2101 Cadmea
664 2031 793 2126 pellicis
811 2057 922 2120 arces,

51 2155 177 2229 Siderei
198 2156 315 2250 regina
334 2151 422 2247 poli,
439 2151 673 2247 tumulumque
691 2154 850 2224 rebellem

51 2278 191 2372 Disjice,
207 2291 242 2345 et
262 2277 297 2344 in
313 2275 446 2344 Thebas
463 2272 571 2361 aliud,
586 2290 699 2368 potes,
718 2291 837 2346 excute
856 2277 994 2350 fulmen.
1014 2311 1032 2344 »

96 2397 192 2491 Quid
211 2395 329 2466 faciat?
347 2397 408 2466 scit
421 2395 488 2464 fata
506 2396 574 2466 suis
587 2398 756 2466 contraria
770 2399 895 2485 Graiis,

51 2530 281 2615 Aversumque
295 2522 412 2619 lovem
431 2544 439 2587 ε
459 2518 518 2587 sed
535 2544 596 2589 nec
611 2521 750 2614 periisse
768 2536 924 2614 precatus

50 2648 222 2737 Tantaque
243 2641 331 2711 dona
348 2638 454 2709 velit:
477 2655 610 2735 tempus
628 2656 739 2709 tamen
759 2642 856 2710 obvia
876 2645 989 2738 magni

52 2771 129 2836 Fors
147 2764 240 2833 dedit
254 2762 367 2833 auxilii
384 2788 391 2830 :
411 2762 502 2832 videt
519 2760 587 2832 alto
602 2788 643 2831 ex
659 2765 783 2833 aethere
801 2762 914 2834 clausa

51 2888 192 2974 Moenia,
214 2900 247 2955 et
264 2885 408 2953 insomni
427 2882 550 2954 vallum
565 2885 708 2959 statione
722 2887 839 2955 teneri.

52 3010 189 3079 Horruit
201 3009 327 3075 irarum
349 3004 507 3093 stimulis,
524 3021 684 3100 motaque
704 3006 888 3077 verendum

51 3130 210 3198 Turbavit
228 3126 378 3196 diadema
397 3152 491 3197 coma
511 3154 518 3196 :
539 3152 606 3197 uon
622 3130 739 3229 saevius
757 3131 853 3217 arsit,

51 3250 220 3319 herculeae
238 3274 344 3342 quum
365 3235 603 3335 memnonos,
626 3252 845 3345 geminosque
864 3250 1025 3320 Tonantis

52 3372 256 3441 Concubitus
275 3372 389 3440 vacuis
410 3370 644 3466 indignaretur
657 3373 692 3440 in
710 3375 818 3442 astris.

52 3498 137 3590 Ergo
156 3496 357 3587 intempesta
379 3493 488 3565 somni
508 3491 684 3565 dulcedine
703 3509 818 3588 captos

52 3619 203 3686 Destinat
220 3614 344 3686 Aonios
360 3614 428 3685 leto
447 3614 595 3709 praebere
614 3639 793 3709 :suamque

53 3739 195 3808 Orbibus
216 3738 345 3831 accingi
363 3736 468 3807 solitis
484 3738 581 3831 jubet
599 3739 684 3825 lrin,
701 3753 734 3809 et
755 3762 859 3807 omne

53 3859 185 3929 Mandat
202 3882 288 3951 opus
308 3883 315 3927 :
333 3873 428 3952 paret
440 3860 540 3952 jussis
561 3864 630 3933 Dea
651 3858 758 3945 clara,
777 3858 964 3955 polumque

55 3983 207 4077 Linquit,
229 3983 315 4051 etin
337 3995 442 4054 terras
460 3981 562 4079 longo
582 3984 799 4077 suspenditur
812 4007 903 4053 arcu.

99 4107 171 4174 Stat
188 4128 289 4199 super
309 4104 455 4181 occiduae
473 4104 633 4175 nebulosa
651 4103 774 4177 cubilia
792 4106 917 4194 noctis,
