2934 4950
354 417 412 458 aaa
662 395 878 454 THEBAIDOS
898 394 1012 454 unua
1030 397 1083 455 XI.

353 525 560 595 Umbrarum
577 533 708 612 custos,
725 522 911 617 mundique
932 517 1132 594 norissimus
1153 525 1258 595 haeres

352 644 495 735 Palluit,
513 647 633 715 amisso
651 645 789 714 veniens
807 646 843 713 in
860 647 1000 714 Tartara
1016 643 1112 715 coelo.

400 769 478 837 Non
496 782 607 836 tamen
628 763 767 835 indulsit
781 762 923 861 pugnae,
940 762 1162 862 cunctataque
1180 768 1295 862 primo

352 888 508 959 Substitit
525 889 562 957 in
579 887 721 988 scelere,
737 901 771 957 et
788 885 938 983 paullum
947 883 1239 979 Fortuna'morata
1256 904 1321 959 est.

352 1013 408 1082 Bis
430 1036 529 1082 cassae
546 1011 676 1106 periere
696 1010 783 1080 viae:
804 1011 857 1080 bis
874 1012 1027 1079 eominus
1046 1026 1138 1080 actos

351 1135 482 1205 Avertit
495 1133 605 1204 bonus
620 1157 715 1202 error
729 1157 854 1226 equos,
872 1156 1031 1226 puraeque
1049 1132 1185 1202 nefandi
1285 1215 1288 1218 ⁴

352 1256 530 1352 Sanguinis
546 1253 691 1356 obliquis
709 1253 1045 1324 ceciderunt'ictibus
1065 1254 1178 1325 hastae.
1300 1247 1303 1251 ⁵

351 1375 511 1448 Tendunt
527 1375 623 1446 frena
638 1400 761 1464 manu,
780 1389 813 1446 et
832 1376 927 1446 savis
943 1374 1131 1447 calcaribus
1151 1395 1279 1475 urgent

351 1501 541 1570 Immeritos
559 1513 696 1569 :movet
716 1513 750 1568 et
766 1477 916 1593 geminas
934 1497 1124 1567 miserabile
1141 1500 1271 1568 Divum

351 1622 547 1718 Prodigium
563 1635 712 1710 turmas,
727 1620 922 1715 alternaque
937 1623 1112 1691 murmura
1126 1620 1272 1692 volvunt

350 1747 561 1831 Massantes3
579 1744 701 1814 iterare
722 1744 845 1831 aciem,
862 1767 1062 1839 procurrere
1082 1747 1169 1840 s'aepe

351 1869 521 1962 Impetus,
540 1879 575 1936 et
592 1878 701 1936 totum
720 1865 847 1934 miseris
867 1889 1038 1961 opponere
1055 1863 1191 1935 bellum.

400 1984 605 2058 Jamdudum
625 1988 721 2056 terris
741 2001 897 2081 coenaque
914 1985 1043 2056 offensa
1057 1990 1210 2057 Deorum

353 2113 479 2180 Aversa
497 2107 574 2179 coeli
591 2110 702 2178 Pietas
719 2109 755 2177 in
774 2123 870 2204 parte
887 2108 1064 2199 sedebat,

350 2233 430 2304 Non
452 2230 589 2319 habitu,
608 2255 676 2323 quo
694 2245 773 2299 nota
791 2231 905 2324 prius,
927 2254 997 2301 nou
1015 2255 1076 2301 ore
1093 2257 1232 2317 sereno,

350 2351 415 2421 Sed
432 2351 524 2421 vittis
541 2366 640 2422 exuta
656 2374 805 2442 comam,
822 2351 1036 2447 fraternaque
1046 2352 1161 2440 bella,

350 2476 423 2545 Ceu
442 2498 539 2547 soror
554 2471 670 2544 infelix
688 2489 918 2571 pugnantum,
935 2490 995 2545 aut
1010 2477 1109 2546 anxia
1125 2493 1248 2565 mater,

350 2596 522 2685 Deflebat,
540 2620 731 2692 sanumque
745 2600 878 2685 Jovem,
895 2601 1082 2693 Parcasque
1099 2616 1261 2670 nocentes

349 2716 565 2806 Vociferans,
582 2742 721 2813 seseque
741 2716 828 2815 polis
837 2724 878 2789 'et
896 2717 971 2789 luce
991 2718 1110 2817 relicta

349 2822 740 2925 DesceasuramErebo,
755 2854 790 2909 et
805 2841 938 2936 Stygios
952 2842 1024 2935 jam
1042 2840 1143 2911 malle
1160 2856 1312 2937 penates.

349 2960 474 3052 «Quid
488 2986 557 3049 me,
573 2963 634 3051 ait,
653 2974 691 3031 'ut
708 2963 802 3032 saevis
817 2963 1047 3049 animantum,
1065 2988 1105 3034 ac
1121 2990 1208 3059 saepe
1230 2968 1374 3035 Deorum
1438 2959 1439 3008 ³

349 3084 566 3156 Obstaturam
583 3084 718 3173 animis,
734 3076 891 3181 princeps
905 3090 1053 3174 Natura,
1063 3084 1224 3156 creabas?
1438 3033 1439 3090 i

349 3204 405 3277 Nil
423 3206 492 3300 jam
512 3229 575 3300 ego
592 3229 651 3300 per
668 3203 829 3301 populos,
847 3230 1013 3301 nusquam
1032 3208 1217 3277 reverentia
1233 3184 1350 3278 nostri.-

350 3331 382 3400 Ο
399 3326 504 3411 furor,
520 3352 542 3397 o
558 3328 729 3415 homines,
748 3327 896 3423 diraeque
912 3328 1130 3399 Prometheos
1139 3326 1255 3399 artes!

349 3451 462 3539 Quam
479 3452 565 3521 bene
580 3464 658 3545 post
672 3451 836 3546 Pyrrham
852 3448 952 3520 tellus
968 3465 1159 3546 pontusque
1176 3446 1350 3521 vacabant!

350 3574 402 3640 En
418 3570 560 3641 mortale
576 3568 697 3667 genus!
714 3602 731 3636 o
747 3572 866 3642 Dixit:
884 3571 1120 3667 speculataque
1139 3587 1294 3667 tempus,

350 3724 366 3757 a
385 3693 555 3765 Auxilium
572 3709 759 3783 tentemus,
776 3696 844 3782 ait,
860 3693 940 3765 licet
957 3694 1052 3765 irrita
1072 3720 1195 3783 coner3
1208 3724 1226 3758 s

349 3814 559 3910 Desiluitque
578 3813 658 3911 polo
676 3842 685 3884 :
703 3816 820 3886 niveus
835 3818 899 3886 sub
919 3814 1066 3887 nubibus
1087 3816 1164 3887 altis

350 3937 554 4031 Quanquam
571 3951 688 4007 moesta
703 3941 784 4009 Deae
800 3939 953 4035 sequitur
970 3940 1108 4035 vestigia
1127 3938 1233 4008 limes.

352 4058 418 4129 Vix
434 4072 571 4133 steterat
587 4083 727 4155 campo,
745 4060 858 4130 subita
873 4070 1104 4131 mansuescere
1121 4086 1204 4156 pace
