2934 4950
73 490 103 549 o.
116 492 191 557 385.)
387 494 603 553 mnosmos
624 496 737 554 unna
757 497 819 553 vn.
1074 509 1126 547 ιοι

71 616 137 683 Hic
153 631 269 710 pater,
290 617 345 686 hic
364 620 522 713 genitrix,
541 621 597 690 hic
611 622 736 716 juncte
758 594 863 716 stirpe
880 642 1029 703 sorores,

71 738 135 805 Hic
154 752 229 805 erat
248 752 281 807 et
300 737 413 809 frater.
436 742 545 810 Cerne
565 767 608 812 en
628 742 822 837 ubicunque
841 740 1005 817 nefandus

71 858 270 929 Exscidium
292 858 419 932 moliris
436 864 517 933 avis.
537 867 670 933 Venere
687 862 837 941 volentes

70 980 190 1049 Aoniae
209 980 345 1078 populi3
365 1010 427 1053 nec
446 1010 519 1055 sum
537 984 619 1073 tibi,
638 1010 741 1074 saeve,
758 983 904 1060 relictus.

42 1160 47 1173 .
69 1100 169 1191 Quid
188 1101 270 1172 velit
288 1106 352 1173 ista
371 1106 509 1192 cohors,
528 1122 562 1175 et
581 1120 612 1177 te
630 1107 755 1176 sentire
776 1105 925 1175 decebat.
1048 1148 1053 1157 ·

70 1223 227 1294 Reddere
242 1251 344 1322 regna
361 1242 517 1297 vetant.»
534 1229 590 1297 Sic
606 1227 711 1316 fatus,
733 1242 773 1302 et,
783 1228 898 1296 omnia
916 1228 979 1295 rite

71 1347 254 1441 Disponit,
272 1350 330 1442 qui
348 1346 435 1417 bella
452 1364 589 1444 gerant,
608 1350 666 1445 qui
686 1350 809 1419 moenia
827 1360 977 1435 servent,

70 1468 170 1556 Quas
186 1470 221 1537 in
243 1469 352 1539 fronte
366 1494 507 1559 manus,
522 1469 632 1541 modio
648 1496 731 1565 quas
748 1470 870 1540 robore
887 1470 993 1538 sistat

117 1590 321 1685 Perspicuae
340 1592 388 1661 sic
403 1590 477 1662 luce
496 1590 600 1681 fores,
620 1605 653 1661 et
670 1592 782 1687 virgea
799 1606 916 1687 pastor

70 1710 229 1781 Claustra
249 1711 353 1799 levat,
371 1712 452 1783 dum
473 1728 563 1783 terra
582 1739 699 1785 recens
718 1740 725 1781 :
743 1713 841 1808 jubet
864 1712 985 1782 ordine
1001 1713 1131 1811 primos

70 1837 124 1903 Ire
145 1832 263 1922 duces,
282 1833 390 1905 modia
410 1838 579 1931 stipantur
598 1835 692 1930 plebe
713 1836 861 1904 marite:
1123 1828 1128 1835 ’

69 1958 148 2049 lpse
167 1954 259 2024 levat
273 1956 444 2052 gravidas,
462 1971 496 2027 et
512 1957 653 2027 humum
672 1972 803 2027 tactura
820 1970 1000 2053 parentum

70 2076 208 2166 Ubera,
225 2077 466 2174 suceiduasque
483 2093 640 2175 apportat
656 2078 822 2166 matribus
843 2102 959 2178 agnas.

119 2202 255 2271 Interea
271 2192 381 2271 Dariai
399 2216 599 2295 noctemque
617 2198 774 2295 diemque
791 2200 855 2273 sub
864 2205 990 2291 armis,

69 2324 215 2393 Noctem
235 2324 358 2391 iterum
375 2346 558 2416 rursusque
578 2320 667 2393 diem
689 2322 751 2417 (sic
768 2323 822 2396 ira
835 2323 1002 2419 ferebat),

69 2444 311 2541 Ingeminant:
329 2446 498 2518 contemta
517 2444 629 2544 quies,
649 2444 779 2518 rixam
797 2470 900 2544 sopor
916 2444 1000 2535 illis,

70 2572 139 2638 Aut
157 2567 264 2664 epulae
284 2567 391 2638 secere
410 2595 540 2641 moram
556 2597 564 2640 :
579 2586 782 2666 properatur
801 2572 837 2639 in
859 2568 991 2638 bostem

70 2693 168 2762 More
185 2690 271 2787 fugae
287 2715 295 2760 ε
311 2716 372 2762 nec
390 2707 539 2764 monstra
559 2708 697 2781 tenent,
719 2717 793 2787 quae
809 2689 954 2786 plurima
971 2692 1074 2759 nectit

71 2811 261 2910 prodigiale
274 2839 398 2914 canem
416 2817 498 2886 certi
516 2815 585 2885 fors
605 2817 729 2912 praevia
747 2813 818 2884 fati.

71 2936 211 3033 Quippe
229 2935 344 3008 ferunt
362 2938 452 3008 diros
468 2939 618 3012 monitus
631 2935 868 3031 volucresque,
891 2934 1049 3028 fereque,

72 3059 272 3153 Sideraque,
293 3060 466 3154 aversique
482 3060 550 3129 suis
565 3057 761 3129 decursibus
781 3081 896 3128 amnes
909 3079 919 3118 θ

71 3179 301 3275 Insostumque
320 3193 416 3250 tonat
432 3194 540 3274 pater,
561 3194 594 3250 et
613 3177 701 3250 mala
721 3178 858 3275 fulgura
876 3177 1007 3248 lucent:

71 3301 304 3397 Terrificaeque
324 3301 431 3398 adytis
450 3327 566 3390 voces,
583 3301 771 3397 clausaeque
788 3304 941 3371 Deorum

73 3428 198 3519 Sponte
214 3424 303 3495 fores
319 3451 328 3494 z
347 3450 438 3495 nunc
457 3427 675 3520 sanguineus,
695 3421 796 3493 uunc'
808 3447 926 3492 saxeus
948 3422 1075 3511 imber,

74 3550 114 3616 Et
129 3545 234 3617 subiti
248 3549 384 3635 Manes,
406 3545 615 3640 flentumque
634 3569 794 3614 occursus
809 3569 960 3614 avorum.

74 3669 165 3738 Tunc
183 3681 217 3737 et
235 3665 420 3762 Apollineae,
435 3682 570 3738 tacuere
587 3664 723 3737 oracula
742 3666 898 3761 Cyrrhae,

75 3793 114 3857 Et
128 3814 197 3859 non
211 3790 350 3860 assuetis
369 3814 497 3885 pernox
515 3787 658 3859 ululavit
676 3785 817 3858 Eleusin

75 3911 264 3996 Mensibus,
286 3925 319 3980 et
336 3909 469 4006 templis
488 3913 607 4006 Sparte
624 3932 776 4004 presaga
793 3904 930 3977 reclusis

76 4031 165 4101 Vidit
183 4029 386 4127 Amyclaeos,
406 4028 553 4103 facinus!
574 4054 776 4102 concurrere
798 4028 927 4099 fratres.

122 4153 270 4225 Arcades
288 4153 422 4224 insanas
442 4153 564 4227 latrare
581 4155 746 4236 Lycaonis
765 4150 900 4221 umbras
