2934 4950
348 511 386 583 xij
650 509 700 563 nn
720 511 752 562 r.
773 458 928 562 rnrrnro
951 506 1087 563 srsno

348 639 464 725 etiam,
484 638 647 706 nonsatis
664 635 791 728 liquide
807 649 949 704 constat.
966 637 1059 702 Inter
1076 633 1183 702 bonos
1200 630 1329 700 codices
1344 659 1393 700 re·

347 757 418 826 sero
441 784 450 826 τ
469 759 688 855 lipsanum,
714 781 813 850 quern
833 757 1027 825 Bernartius
1046 752 1205 840 contulit,
1225 777 1329 820 unum
1353 779 1395 821 ex

347 879 479 950 duobus
502 879 719 963 Bekotionis,
748 894 782 946 et
809 879 993 972 praesertim
1022 901 1062 945 ex
1087 875 1394 967 Lindcnbrogianis

349 1007 576 1090 Fulmineum,
596 1003 734 1096 quinon
752 1015 861 1095 potest
877 1001 960 1093 quin
979 1000 1022 1066 sit
1036 997 1123 1066 idern
1142 1021 1181 1066 ac
1193 998 1318 1089 Regius
1335 1000 1396 1065 Pa·

348 1124 494 1192 risiensis
510 1149 563 1193 nr.
584 1120 697 1211 8051,
718 1147 791 1192 saec.
813 1148 850 1209 x,
869 1147 889 1189 a
907 1121 1070 1190 Lemaerio
1088 1134 1121 1188 et
1140 1125 1266 1188 Amaro
1289 1116 1394 1187 colla-
1457 1132 1458 1135 ’

349 1258 429 1313 tus:
451 1271 554 1338 quare
582 1243 743 1315 lectiones
763 1270 804 1313 ex
829 1258 972 1337 utroque
997 1241 1178 1336 productas
1207 1239 1394 1333 significavi

348 1364 467 1435 litteris
492 1370 565 1456 PR,
585 1393 624 1436 ex
650 1365 811 1436 alterutro
831 1363 903 1433 solo
921 1361 972 1432 vei
990 1369 1070 1433 Put.
1090 1361 1140 1431 vel
1167 1367 1250 1454 Reg.
1281 1386 1309 1430 1.
1330 1363 1396 1430 Hic

348 1511 433 1580 saepe
448 1510 524 1555 cum
542 1489 675 1581 egregio
690 1485 747 1556 illo
758 1487 885 1555 Barthii
902 1485 1078 1553 consentit.
1094 1485 1209 1553 Minus
1219 1483 1300 1550 boni
1316 1498 1397 1549 sunt

347 1607 494 1700 ejusdem
514 1609 756 1702 Lindenbrogii
778 1583 1013 1689 Petavianus,
1033 1605 1245 1674 canonieus.
1267 1603 1396 1673 Eodem

347 1729 465 1798 ordine
485 1730 592 1798 habeo
613 1736 827 1814 Petrensem,
855 1752 953 1822 quem
977 1753 1079 1821 supra
1102 1729 1259 1796 meritum
1279 1725 1396 1794 laudat

348 1847 575 1920 Marklandus.
599 1849 709 1943 Vulgo
727 1865 839 1921 autern
857 1874 1015 1918 accenseo
1030 1851 1292 1931 Hennensem,
1309 1851 1397 1916 Bus-

347 1969 510 2040 lidciznum
521 2024 532 2056 ,
554 1975 851 2056 Bunnanm'anos,
872 1974 1014 2065 Regium
1041 1997 1060 2038 o
1091 1970 1157 2065 (nr.
1181 1967 1291 2062 8052)
1319 1993 1393 2036 saec.

347 2117 417 2176 xu,
448 2107 480 2162 et
507 2091 600 2162 alios.
619 2097 672 2163 Dc
689 2095 915 2165 Gronovianis
941 2095 976 2162 in
1002 2091 1157 2162 Detrabe
1176 2091 1268 2185 (nam
1293 2090 1397 2159 editio

348 2236 425 2280 cum
451 2214 555 2308 ipsius
572 2212 697 2284 notulis
715 2214 758 2283 ad
777 2239 915 2283 manum
935 2239 1004 2284 non
1031 2211 1108 2307 fuit)
1125 2213 1289 2305 judicium
1309 2211 1399 2282 ferre

349 2359 419 2403 non
430 2335 537 2405 audeo
557 2360 566 2404 t
585 2352 712 2406 certum
732 2361 812 2405 vero
827 2351 877 2405 est
890 2361 967 2406 cuni
984 2335 1140 2404 habuisse
1156 2331 1398 2426 aliquotvalde

348 2459 504 2551 antiquos
523 2472 556 2528 et
565 2459 817 2553 perbonos,sed
832 2459 954 2553 quibus
973 2459 1008 2526 in
1028 2458 1143 2553 paucis
1163 2456 1398 2526 tantummodo

349 2576 430 2648 locis
460 2583 503 2651 sit
529 2607 619 2651 usus.
649 2584 767 2676 Neque
791 2582 899 2650 ausim
932 2581 973 2649 de
995 2582 1034 2649 iis
1067 2602 1212 2674 quorum
1237 2576 1399 2671 frequens

349 2704 474 2771 mentio
502 2704 537 2771 in
567 2705 698 2799 scriptis
717 2705 951 2789 Heinsiorum,
978 2728 1086 2796 neque
1111 2700 1152 2771 de
1177 2699 1273 2769 codd.
1302 2701 1396 2770 Guil.

349 2824 505 2911 Canteri,
527 2824 672 2912 schotti,
692 2822 848 2912 Bentleii,
877 2822 1072 2892 Wakefieldi
1102 2820 1336 2914 (adureret.)
1363 2838 1399 2891 et

349 2940 506 3031 aliorum,
525 2948 582 3040 qui
597 2948 738 3015 Statium
755 2971 824 3014 non
842 2945 1041 3032 ediderunt,
1059 2944 1115 3014 sed
1132 2946 1307 3013 occasione
1320 2959 1398 3012 tan-

350 3080 421 3132 tum
433 3064 544 3137 oblata
558 3092 634 3136 eum
650 3067 871 3138 emendarunt
888 3092 896 3135 :
916 3066 950 3135 id
972 3081 1081 3135 tamen
1099 3065 1182 3133 mihi
1190 3080 1320 3135 certum
1332 3081 1397 3154 est,

349 3186 469 3254 horum
489 3212 628 3257 numero
653 3187 753 3281 longe
775 3187 887 3282 plures
906 3212 975 3257 esse
997 3201 1145 3256 recentes
1160 3188 1229 3256 sive
1248 3188 1402 3280 interpo-

351 3307 442 3377 latos.

397 3433 458 3499 111.
491 3436 738 3503 Aournunrnnra
766 3433 925 3529 perpauci
956 3459 975 3503 e
1000 3433 1172 3503 codicibus
1203 3432 1399 3499 memoratis

349 3552 627 3646 complectuntur,
647 3580 755 3648 neque
777 3557 923 3650 optimus
943 3553 998 3624 ille
1015 3554 1156 3624 Barthii.
1176 3556 1216 3621 ln
1238 3553 1304 3621 hoc
1322 3578 1400 3621 car·

349 3676 438 3743 rnine
457 3700 525 3769 pree
539 3676 668 3764 multis,
689 3702 731 3746 ne
750 3677 861 3747 dicam
875 3677 1051 3764 omnibus,
1070 3677 1194 3745 eminet
1208 3679 1337 3766 Regius
1359 3699 1400 3764 ι,

306 3874 308 3879 Ι
350 3820 418 3887 quo
435 3796 578 3866 multum
600 3800 650 3867 usi
670 3822 794 3867 sumus.
