2934 4950
82 413 126 474 (s.
143 414 195 480 51.)
397 412 649 470 nculntnlnos
672 415 786 471 LIBER
806 415 828 472 l.
1083 419 1137 476 261

83 543 205 610 Unam
224 538 408 608 hiemem.»
429 540 538 628 Dixit,
554 565 781 636 magnumque
801 543 836 609 in
856 556 1006 638 tempore
1026 569 1137 641 regem

83 661 253 756 Adspicit.
270 662 407 730 Oceano
425 661 578 730 veniebat
599 662 641 730 ab
660 663 808 758 bospite,
824 665 948 734 mensis

83 786 221 872 latus,
243 796 278 851 et
296 805 452 875 aequoreo
472 781 613 852 diffusus
634 799 769 854 nectare
788 783 915 855 vultus:

83 904 191 975 Unde
212 904 357 992 hiemes,
376 907 533 998 ventique
552 902 669 994 silent,
689 921 856 1000 cantuque
872 908 988 1002 quieto

83 1028 258 1123 Armigeri
275 1029 429 1096 Tritones
444 1041 545 1113 eunt,
564 1026 808 1122 scopulosaque
828 1042 923 1115 cete,

83 1149 323 1244 Tyrrhenique
341 1171 457 1244 greges
473 1151 666 1243 circum'que
685 1149 839 1244 infraque
855 1163 1011 1220 rotantur

83 1276 182 1366 Rege
203 1270 369 1340 salutato:
387 1268 526 1365 placidis
548 1272 619 1368 ipse
637 1272 763 1340 arduus
783 1271 881 1341 undis

83 1393 242 1480 Eminet,
259 1406 291 1461 et
312 1390 435 1486 triplici
452 1390 519 1461 telo
532 1391 629 1486 jubet
645 1395 694 1461 ire
710 1390 854 1488 jugales.

82 1513 142 1584 Illi
158 1514 357 1609 spumiferos
371 1514 560 1610 glomerant
577 1540 596 1584 a
614 1530 752 1611 pectore
769 1516 908 1606 fluctus3

82 1641 180 1708 Pone
200 1651 332 1725 natant,
347 1635 524 1734 delentque
541 1637 665 1732 pedum
684 1640 823 1734 vestigia
841 1640 956 1708 cauda.

82 1762 153 1832 Cui
173 1761 313 1830 Thetis:
333 1763 395 1829 «Ο
412 1762 525 1856 magni
545 1775 655 1830 rector
673 1762 871 1855 genitorque
890 1761 1068 1857 profundi,

82 1883 256 1978 Adspicis,
274 1881 310 1949 in
326 1865 617 1975 quales'miserum
639 1881 834 1976 patefeceris
850 1905 932 1951 usus

81 2005 235 2100 AEquor?
253 2009 344 2076 Eunt
363 2005 443 2073 tutis
464 2019 629 2074 terrarum
648 2005 789 2074 erimina
808 2003 907 2090 velis,

82 2131 136 2198 Ex
156 2151 224 2222 quo
237 2127 314 2222 jura
334 2127 410 2195 freti
431 2127 704 2221 majestatemque
723 2142 893 2220 repostam

82 2249 194 2344 Rupit
211 2247 344 2318 Iasonia
361 2250 485 2344 puppis
501 2253 656 2344 Pagasaea
673 2251 801 2344 rapina.

82 2375 139 2440 En
160 2370 252 2440 aliud
270 2370 361 2464 furto
379 2369 501 2457 scelus,
519 2384 552 2439 et
569 2367 675 2465 spolia
696 2370 828 2464 hospita
847 2385 988 2466 portans

82 2494 234 2589 Navigat
252 2494 384 2589 injustae
404 2494 602 2562 temerarius
619 2492 745 2561 arbiter
760 2472 845 2581 Ida,

82 2616 181 2685 Eheu
199 2640 284 2709 quos
306 2618 448 2711 gemitus
467 2614 565 2684 terris
585 2613 771 2710 pelagoque
788 2612 947 2685 daturus!

83 2741 181 2827 Quos
200 2734 299 2806 mihi!
323 2739 369 2839 sic
384 2736 539 2833 Phrygiae
556 2761 734 2831 pensamus
750 2737 884 2831 praemia
903 2738 1032 2831 palmae.

83 2862 129 2929 Hi
147 2861 289 2930 Veneris
310 2884 437 2947 mores,
454 2858 519 2928 hoc
539 2874 642 2954 gratae
659 2882 782 2928 munus
800 2858 966 2927 alumnae?

84 2986 155 3053 Has
173 2979 287 3050 saltem
307 2980 394 3077 (non
411 2979 598 3068 semideos,
616 2996 836 3074 nostrumque
851 2995 1025 3075 reportant

83 3102 247 3200 Thesea),
265 3104 291 3171 si
307 3103 382 3198 quis
397 3102 508 3171 adbuc
525 3101 623 3172 undis
639 3102 762 3189 honor,
778 3102 883 3171 obrue
899 3127 1049 3197 puppes,

83 3229 156 3296 Aut
175 3226 331 3321 permitte
350 3224 473 3294 fretum
490 3253 498 3294 :
515 3223 609 3294 nulla
625 3224 861 3295 inclementia:
882 3222 931 3293 fas
948 3226 991 3293 sit

17 3366 20 3403 ἰ
84 3350 151 3417 Pro
171 3361 251 3415 nato
271 3348 418 3416 timuisse
435 3347 518 3415 mihi
536 3372 543 3415 :
561 3346 604 3415 da
624 3344 741 3416 tollere
760 3347 900 3432 fluctus,

84 3471 157 3539 Nec
175 3468 236 3538 tihi
256 3467 297 3538 de
317 3470 417 3539 tantis
436 3468 567 3565 placeat
586 3493 639 3539 me
658 3468 816 3539 fluctibus
837 3494 941 3538 unum

84 3593 204 3680 Litus,
223 3606 258 3660 et
275 3590 369 3661 Iliaci
388 3591 543 3686 scopulos
559 3591 709 3661 habitare
726 3588 913 3687 sepulcri.»

133 3713 265 3784 Orabat
283 3711 404 3783 laniata
422 3740 553 3802 comas,
572 3728 606 3782 et
623 3727 758 3809 pectore
777 3712 869 3781 nudo

18 3858 21 3898 τ
84 3832 248 3907 Caeruleis
264 3836 419 3905 obstabat
434 3836 550 3931 equis:
566 3851 646 3906 tunc
663 3834 784 3905 ductor
802 3858 965 3928 aquarum

18 4016 19 4019 η
84 3961 211 4029 Invitat
228 3984 347 4047 curru,
366 3960 529 4053 dictisque
550 3960 596 4028 ita
615 3958 742 4029 mulcet
756 3957 895 4027 amicis:

17 4108 20 4149 ι
85 4113 100 4145 ι(
113 4084 167 4153 Ne
187 4096 261 4177 pete
277 4081 482 4152 Dardaniam
502 4083 642 4173 frustra,
662 4082 780 4173 Theti,
796 4104 946 4177 mergere
966 4077 1114 4149 classem.
