2934 4950
104 519 550 538 unnunumusmwwwmnm
559 519 1136 540 :summusmumwmmumamuw

349 843 883 950 ADNOTATIONES

175 1156 238 1244 ΙΝ
273 1156 320 1244 Ρ.
357 1155 585 1244 ΡΑΡΙΝΙΙ
617 1153 813 1242 STATIl
846 1151 1059 1243 SILVAS.

394 1850 835 1907 1nn1anunrn1uun.
890 1831 894 1852 “

137 2038 168 2092 Ιιι
182 2055 355 2092 rrrsrourr.
377 2035 456 2109 Quid
468 2035 571 2091 enrirr...
585 2053 696 2111 quoque
716 2035 895 2091 auctoritare.
915 2036 1061 2092 Lacunam
1076 2035 1141 2093 edi-

101 2129 204 2188 tionum
210 2141 281 2188 vett.
296 2140 326 2186 et
337 2129 425 2186 codri
435 2128 547 2204 aliquot
559 2127 699 2184 sententia
712 2127 787 2184 duce
795 2125 836 2184 ita
846 2126 1141 2202 explevitDomitius:

102 2249 112 2274 ι
126 2225 210 2296 Quid.
220 2225 297 2281 enim
313 2233 424 2299 oportet
436 2220 520 2294 haim
537 2239 658 2297 quoque
677 2231 790 2293 auct.,»
807 2231 861 2279 eto.
880 2220 970 2294 Cujus
992 2221 1141 2295 conjectu-

101 2336 155 2373 ram
175 2319 261 2376 oodd.
280 2321 377 2390 Vrat,
392 2316 480 2374 Drak.
501 2327 530 2372 et
545 2315 631 2374 Paris.
651 2299 845 2372 confirmant:
868 2333 958 2389 quare
980 2326 1142 2372 ceterorum

101 2408 296 2469 hariolationes
312 2409 477 2467 omittimus

140 2506 196 2561 Sed
204 2518 302 2561 tomen
315 2522 468 2563 nemun
483 2502 666 2559 hexametros
680 2501 776 2557 habet.
787 2502 896 2557 Verum
909 2517 1059 2557 numerum
1067 2521 1142 2578 prae-

102 2595 146 2654 bet
161 2598 223 2655 coti
236 2599 325 2655 Paris.
344 2614 496 2653 teman.
613 2672 616 2677 .

138 2694 261 2750 cluss
274 2680 298 2749 1'.
314 2693 412 2768 Equus
428 2690 572 2746 maranus
588 2688 753 2744 Dornr'ts‘trni.
767 2686 915 2762 Equestris
926 2697 1018 2745 statua
1036 2688 1141 2743 Domi-

103 2785 166 2842 tiaui
175 2786 249 2842 inter
262 2804 297 2842 ea
312 2784 436 2859 antiqua
449 2782 518 2839 artis
531 2800 620 2856 opera
630 2780 733 2837 referri
741 2780 841 2851 dehet,
852 2799 991 2855 quorum,
999 2780 1055 2837 nisi
1066 2798 1141 2857 poe-

103 2888 187 2936 tarum
205 2879 491 2937 carminibus-essent
515 2876 672 2945 oelebrata,
693 2873 787 2931 omnis
811 2872 948 2931 memoria
975 2874 1142 2933 evanuisset.

102 2973 168 3029 liam
178 2985 283 3050 prater
296 2991 345 3044 ea,
361 2990 426 3047 qua
438 2969 544 3028 Statius
558 2966 864 3042 etlltartialisAEpigr.
884 2986 910 3039 r,
926 2986 977 3039 71,
991 2968 1025 3041 6,
1040 2987 1143 3025 narra-

103 3078 176 3140 runt,
187 3070 299 3125 uullum
311 3075 403 3123 exstat
415 3064 477 3138 ejus
484 3061 644 3139 vestigium.
658 3064 690 3119 P.
702 3060 806 3118 Victor
818 3070 848 3116 et
860 3062 964 3117 Sextus
978 3063 1070 3119 Rufus
1083 3082 1144 3119 uon
1212 3070 1215 3078 ’

104 3160 150 3216 uisi
163 3178 269 3217 nomen
282 3158 421 3230 afferunt,
434 3156 479 3213 his
493 3154 638 3213 verbius«
647 3156 748 3230 Equus
763 3154 888 3211 aheneus
904 3154 1061 3213 Domitiani
1078 3158 1143 3213 Au·-

105 3252 184 3326 quffi,
199 3278 213 3304 s
224 3254 306 3309 nulla
320 3262 415 3307 tamen
429 3248 610 3325 expositione
628 3246 736 3305 addita.
760 3250 933 3323 Quanquam
950 3246 1038 3325 igitur
1054 3248 1145 3305 critici

106 3345 222 3421 undique
234 3346 416 3421 collegerunt
431 3340 609 3417 antiquitatis
621 3340 799 3411 testimonia,
813 3341 946 3397 sunthoeo
960 3352 1010 3399 aut
1018 3342 1086 3399 falsa
1095 3354 1145 3398 aut

107 3436 186 3495 aliena
195 3440 239 3495 ab.
247 3440 306 3496 hoo
319 3435 477 3496 Domitiani
487 3443 691 3504 monumento,
711 3433 794 3507 cujus
812 3444 915 3491 auctor
928 3453 965 3490 ne
978 3435 1145 3508 conjectura

107 3531 211 3604 quidem
224 3531 373 3609 probabili
392 3528 529 3608 cognosci
545 3538 650 3604 potest.
671 3528 768 3584 ΗΔΕ».
789 3528 972 3585 Exstruotum
987 3529 1071 3587 fuisse
1089 3532 1145 3586 hoo

108 3640 172 3696 opas
188 3636 257 3700 post
276 3644 384 3681 aunum
401 3624 459 3683 836
479 3622 525 3681 vel
543 3620 617 3679 adeo
633 3620 689 3692 837
711 3620 749 3676 ab
772 3621 809 3677 U.
828 3621 859 3677 C.
882 3621 966 3679 docet
985 3640 1144 3699 cognomen

111 3716 367 3787 Gmnameinersu
379 3716 482 3793 quinto
494 3713 662 3773 Domitiano
677 3712 786 3771 datum.

143 3812 199 3866 Nec
214 3831 302 3889 grege
318 3807 359 3890 (v.
385 3808 441 3888 ια).
462 3809 584 3867 Pulchre
598 3826 668 3863 usus
686 3816 729 3862 est
749 3806 865 3883 Virgilii
887 3807 997 3879 verbis,
1016 3808 1151 3863 AEner'dos

111 3919 145 3973 n,
157 3905 209 3961 238
226 3927 233 3961 ε

205 4098 229 4112 ..
246 4100 252 4111 .
268 4100 274 4111 .
289 4061 460 4114 Ptierieirean
473 4061 629 4131 innuptaque
643 4059 728 4130 puella

205 4148 274 4197 Socra
286 4156 376 4197 oauont
387 4132 517 4214 iilumque
528 4162 601 4196 naua
614 4145 754 4211 contingere
768 4144 881 4210 gaudent.
