2934 4950
83 438 116 499 (v.
129 436 203 501 325.)
305 466 307 473 ι
412 432 628 491 Tflenttmos
651 434 762 490 Ltntttt
783 436 832 490 vl.
1095 436 1131 505 67

83 561 153 630 Sed
169 564 326 656 juvenem
346 559 437 629 durae
454 560 678 655 prohibebant
698 560 823 630 discere
840 564 962 631 Parce.

68 772 72 778 ἐ
133 680 297 751 OEbalios
318 679 469 751 sublimis
488 682 558 777 agit
577 704 650 776 spes
671 684 825 777 proxima
842 680 960 777 palma

83 803 312 896 Amphiaraus
330 823 433 896 equos
455 828 462 870 :
484 817 541 871 tua
561 803 650 872 furto
671 802 763 898 lapsa
783 828 954 899 propago,

83 922 235 1017 Cyllare,
257 923 338 993 dum
359 922 504 1018 Scythici
525 924 674 994 diversus
693 923 737 994 ad
755 926 841 994 ostia
861 926 957 1021 ponti
1080 964 1083 970 ·

84 1048 208 1115 Castor
225 1044 406 1140 Amyclaeas
424 1070 517 1114 remo
536 1060 704 1140 permutat
721 1047 878 1116 habenas.

84 1170 160 1260 Ipse
179 1167 297 1236 babitu
316 1168 431 1235 niveus
450 1193 457 1235 :
476 1168 565 1235 nivei
583 1167 665 1236 dant
682 1162 769 1237 colla
782 1166 911 1264 jugales
930 1194 938 1235 :

85 1285 256 1358 Concolor
271 1301 321 1356 est
337 1282 420 1356 albis
437 1301 470 1356 et
486 1288 585 1357 cassis
602 1303 633 1357 et
651 1286 756 1358 infula
771 1291 889 1359 cristis.

133 1411 230 1499 Quin
248 1423 282 1477 et
298 1407 494 1478 Thessalicis
513 1407 589 1477 salix
609 1409 771 1479 Admetus
788 1410 831 1479 ab
846 1412 914 1479 oris

85 1532 151 1601 Vix
171 1529 301 1599 steriles
318 1531 500 1624 compescit
517 1554 637 1624 equas3
654 1533 855 1601 Centaurica
873 1532 989 1601 dicunt

85 1653 245 1722 Semina:
264 1651 380 1738 credo,
399 1628 482 1721 adeo
499 1676 614 1720 sexum
631 1652 864 1747 indignantur,
881 1668 916 1721 et
930 1654 1037 1722 omnis

84 1775 124 1841 ln
142 1774 232 1841 vires
249 1771 391 1841 adducta
408 1775 523 1843 Venus
541 1798 548 1839 :
567 1786 782 1866 noctemque,
800 1772 955 1869 diemque

86 1891 307 1981 Assimulant,
326 1894 463 1962 maculis
485 1894 783 1989 internigrantibus
802 1894 884 1965 alboe
904 1922 912 1963 :

86 2018 213 2085 Tantus
232 2030 371 2109 uterque
392 2011 500 2103 color,
520 2014 611 2083 credi
632 2038 691 2085 nec
709 2015 853 2111 degener
871 2016 930 2085 illo

4 2186 8 2193 -
86 2140 137 2207 De
155 2162 259 2233 grege
275 2134 445 2222 Castaliae,
466 2138 595 2230 stupuit
613 2140 670 2231 qui
689 2136 786 2207 sibila
803 2164 917 2208 cannae

87 2262 215 2347 Laetus,
237 2273 271 2327 ct
292 2257 407 2327 audito
424 2260 601 2329 contemsit
619 2257 774 2352 Apolline
791 2262 891 2355 pasci.

132 2385 220 2451 Ecce
238 2396 272 2449 et
290 2379 453 2449 Iasonidae
469 2381 627 2476 juvenes,
648 2404 736 2448 nova
753 2378 860 2476 gloria
877 2384 993 2451 matris

88 2502 301 2600 Hypsipyles,
321 2504 450 2572 subiere
466 2502 569 2597 jugo,
586 2525 654 2595 quo
672 2517 786 2572 vectus
804 2510 954 2597 uterque.

89 2627 216 2696 Nomen
238 2649 303 2694 avo
323 2622 445 2721 gentile
463 2625 592 2707 Thoas,
610 2639 710 2719 atque
729 2625 841 2694 omine
858 2624 965 2693 dictus

91 2749 220 2818 Euneos
238 2751 378 2844 Argoo:
399 2747 538 2842 geminis
554 2747 670 2828 eadem
687 2747 816 2834 omnia,
834 2745 965 2830 vultus,

90 2871 237 2960 Currus,
254 2870 351 2964 equi,
372 2883 497 2957 vestes,
517 2883 631 2964 paret
650 2868 828 2938 concordia
847 2869 934 2955 voti3

91 2991 250 3078 Vincere,
270 2989 322 3059 vel
342 2988 412 3059 solo
432 2992 574 3084 cupiunt
593 3015 613 3058 a
633 2989 735 3060 fratre
755 2988 908 3084 relinqui.

91 3112 120 3178 lt
131 3112 302 3200 Chromis,
315 3109 630 3206 Hippodamusque,
643 3101 727 3181 alter
741 3128 831 3180 satus
841 3110 984 3181 Hercule
993 3133 1133 3205 magno,

92 3230 180 3301 Alter
196 3233 240 3302 ab
258 3235 438 3302 OEnomao
456 3258 463 3300 :
486 3231 632 3321 dubites,
649 3245 724 3302 uter
741 3231 841 3302 effera
858 3246 985 3328 presset

94 3353 194 3422 Frena
211 3354 328 3448 magis.
349 3354 457 3423 Getici
475 3377 578 3448 pecus
595 3353 649 3421 hic
667 3353 857 3440 Diomedis;
874 3366 908 3421 at
925 3351 980 3420 ille
1044 3367 1047 3372 ’

93 3473 182 3543 Pisaei
198 3476 282 3569 juga
300 3476 405 3569 patris
423 3474 541 3556 babet3
561 3473 751 3543 crudelibus
768 3475 868 3543 ambo

95 3595 243 3684 Exuviis,
262 3595 403 3689 diroque
420 3595 539 3664 imbuti
557 3596 719 3694 sanguine
737 3619 865 3664 currus.

139 3718 305 3788 Metarum
322 3719 428 3787 instar
443 3732 514 3788 erat
529 3719 608 3786 hinc
624 3717 715 3786 nudo
732 3716 855 3785 robore
871 3738 1030 3809 quercus,

96 3834 181 3906 Olim
195 3863 311 3910 omnes
328 3853 428 3912 exuta
444 3865 574 3929 comas,
592 3840 671 3910 binc
687 3863 803 3910 saxeus
821 3838 923 3907 umbo

97 3958 225 4030 Arbiter
242 3957 420 4058 agricolis:
437 3961 537 4032 finem
554 3962 643 4056 jacet
659 3961 748 4030 inter
763 3973 956 4053 utrumque,

98 4079 199 4166 Quale
216 4099 335 4178 quater
349 4083 461 4178 jaculo
481 4083 645 4178 spatium,
667 4097 718 4152 ter
734 4080 899 4150 arundine
916 4081 1041 4148 vincas.

956 4198 987 4267 5.
