2934 4950
353 364 407 420 62·
668 363 878 421 maturos
899 364 1010 421 mutu
1024 365 1073 419 VI.
1276 366 1307 422 ('·
1318 365 1375 426 ¹7⁵)

353 490 556 583 Sanguinis:
575 489 770 557 occumbam
788 490 930 583 pariter,
948 488 1028 559 dum
1047 474 1184 557 vulnere
1199 488 1289 581 justo

353 614 549 678 Exsaturata
566 608 697 697 oculos,
716 634 820 678 unum
838 608 1046 704 impellamur
1062 610 1097 676 in
1113 610 1234 707 iguem.
1245 639 1262 672 o

401 726 494 797 Talia
511 728 694 798 vociferans
714 727 780 797 alia
795 728 836 796 de
853 744 949 823 parte
964 743 1148 822 gementem

353 846 574 943 Hypsipylen,
592 850 805 941 nequeenim
825 847 881 917 itta
898 873 1008 917 comas
1027 873 1088 918 nec
1108 862 1242 943 pectora
1260 864 1378 935 servat,

353 970 498 1063 Agnovit
518 968 630 1063 longe,
648 984 681 1039 et
699 971 824 1038 socium
841 969 1012 1064 indignata
1029 968 1194 1054 dolorem,

354 1093 453 1157 «Hoc
470 1087 602 1178 saltem,
618 1115 637 1156 o
656 1096 825 1184 p’roceres,
844 1105 947 1184 tuque
962 1114 984 1159 o
999 1092 1054 1159 cui
1070 1094 1210 1185 pignore
1226 1105 1339 1159 nostro
1360 1106 1364 1112 '

355 1216 471 1279 Partus
486 1211 609 1297 honos,
627 1212 799 1304 prohibete
816 1210 906 1280 nefas
923 1237 931 1279 τ
951 1211 1076 1280 auferte
1093 1214 1255 1306 supremis

355 1332 500 1399 Invisarn
517 1333 677 1425 exsequiis
697 1356 705 1399 :
723 1308 858 1423 quid'se
873 1313 1005 1399 funesta
1018 1334 1150 1425 parenti

355 1452 492 1520 Miscet?
508 1468 542 1520 et
559 1453 593 1519 in
610 1452 732 1520 nostris
747 1466 916 1545 spectami-
931 1468 965 1520 ct
980 1452 1052 1545 ipsa
1068 1453 1192 1521 ruinis?

356 1575 418 1641 Cui
434 1570 524 1667 luget
541 1571 712 1667 complexa
727 1570 826 1640 suos?
838 1601 855 1636 a
871 1571 918 1641 sic
934 1572 1001 1640 fata
1017 1588 1150 1666 repente

356 1692 527 1779 Concidit,
544 1692 760 1787 abruptisque
776 1693 943 1760 obmutuit
957 1717 1016 1761 ore
1032 1692 1185 1786 querelis.

405 1814 483 1881 Non
501 1836 593 1881 secus
609 1837 647 1880 ac
665 1814 773 1906 primo
790 1811 980 1881 fraudatum
996 1812 1080 1881 lacte
1095 1815 1297 1907 juvencum,

357 1934 418 2003 Cui
437 1930 571 2026 trepidae
590 1934 693 2019 vires,
710 1948 743 2001 et
761 1932 851 2002 solus
864 1935 912 2001 *ab
929 1934 1029 2002 ubere
1047 1937 1200 2028 sanguis,

357 2056 421 2122 Seu
439 2052 524 2137 sera,
545 2077 601 2121 seu
620 2051 720 2121 duras
739 2055 848 2120 avexit
866 2068 980 2148 postor
995 2052 1038 2122 ad
1055 2078 1147 2141 aras;

357 2176 457 2243 Nunc
476 2171 594 2242 vallem
612 2172 752 2268 spoliata
769 2199 904 2269 parens,
923 2200 1013 2243 nunc
1029 2174 1165 2243 flumina
1185 2191 1321 2269 questu,

357 2295 455 2363 Nunc
476 2310 626 2363 armenta
644 2310 773 2381 movet,
792 2320 979 2387 vacuosque
992 2297 1178 2390 interrogat
1195 2320 1295 2391 agros
1313 2323 1320 2363 :

357 2418 451 2484 Tunc
472 2418 562 2511 piget
582 2416 629 2485 ire
650 2415 808 2503 domurn,
828 2429 1012 2509 moestoque
1032 2418 1211 2485 novissima
1229 2442 1340 2512 campo

357 2537 451 2622 Exit,
471 2551 503 2604 ct
520 2539 688 2631 oppositas
706 2538 844 2631 impasta
863 2539 1024 2605 avertitur
1040 2537 1170 2606 herbas.

407 2660 448 2725 At
465 2659 595 2749 genitor
610 2659 798 2750 sceptrique
814 2657 912 2726 decus
929 2656 1103 2752 cultusque
1116 2662 1277 2728 Tonantis

357 2778 469 2870 Injicit
485 2779 553 2870 ipse
571 2779 674 2871 rogia,
693 2789 851 2870 tergoque
867 2793 900 2845 et
914 2792 1049 2871 pectore
1065 2778 1171 2847 fusam

357 2898 532 2969 Caesariern
550 2895 635 2964 ferro
655 2898 794 2980 minuit,
814 2899 977 2992 sectisque
991 2899 1131 2991 jacentis

357 3017 509 3089 obnubit
526 3019 636 3111 tenuia
651 3042 711 3085 ora
727 3019 846 3104 comis,
863 3041 903 3086 ac
919 3017 999 3087 talia
1016 3017 1093 3087 fletu
1188 3033 1192 3040 '

357 3140 468 3207 Verba
484 3141 540 3232 pio
555 3140 694 3208 miscens
714 3161 721 3203 :
740 3167 757 3200 c
768 3138 844 3206 Atio
862 3139 937 3224 tibi,
955 3139 1093 3238 perfide,
1109 3154 1226 3234 pacto,

356 3259 521 3353 Iuppiter,
538 3259 626 3328 hunc
642 3261 768 3328 crinem
785 3261 854 3328 voti
871 3284 947 3328 reus
963 3275 1038 3355 ante
1055 3259 1218 3340 dicarem,

233 3386 237 3394 '
357 3381 391 3447 Si
411 3380 534 3472 pariter
552 3379 671 3447 virides
689 3382 759 3447 nati
777 3379 880 3448 libare
899 3380 1040 3449 dedisses

357 3498 407 3567 Ad
426 3514 481 3567 tua
501 3498 622 3594 templa
639 3525 756 3594 genas3
775 3499 831 3568 sed
850 3519 917 3570 non
937 3516 1028 3571 ratus
1048 3527 1107 3570 ore
1128 3473 1297 3590 sacerdos,

357 3622 596 3714 Damnataeque
608 3645 722 3714 preces
736 3647 743 3686 :
759 3619 843 3690 ferat
855 3621 941 3708 haec,
955 3647 1028 3716 quae
1040 3621 1174 3717 dignior
1185 3624 1303 3692 umbra
1311 3636 1380 3690 est·

403 3743 474 3808 Jam
495 3739 564 3807 face
581 3740 727 3833 subjecta
744 3743 860 3835 primis
876 3744 910 3809 in
929 3742 1102 3812 frondibus
1120 3745 1204 3836 ignis

356 3857 527 3927 Exclamat
545 3884 552 3924 ε
572 3857 667 3929 labor
684 3863 817 3933 insanos
835 3889 946 3932 arcere
962 3877 1123 3956 parentes.

356 3981 453 4048 Stant
469 3979 552 4070 jussi
569 3982 697 4068 Danai,
716 3997 816 4075 atque
834 3984 977 4052 obtentis
994 3986 1122 4053 eminus
1142 3987 1244 4052 arinis

1110 4168 1114 4198 t
