2934 4950
277 408 313 480 7⁸
631 407 662 460 r.
685 401 954 461 runnusrnnn
1237 409 1283 464 <v-
1302 406 1377 469 ε..)

274 537 453 630 Increpat:
470 532 548 602 inde
564 553 678 602 meum
698 531 818 601 timido
831 532 901 626 jam
919 529 1044 624 frigore
1062 545 1180 624 peetus

276 655 433 740 Labitur,
450 668 484 722 et
502 662 651 748 nequeo,
668 653 820 747 quamvis
838 662 951 720 movet
970 647 1090 719 ominis
1106 651 1256 736 horror,

275 772 438 846 Ciandere
454 796 628 869 suspensos
643 772 819 844 oculorum
834 773 870 840 in
887 771 1037 866 margine
1055 769 1163 840 lienis.

324 898 464 989 lamque
481 909 587 965 retem
603 891 701 964 tetris
717 893 830 963 divisit
846 892 924 962 fune
941 890 1050 961 soluto

275 1017 413 1102 Navita,
429 1030 463 1084 et
479 1011 658 1109 angustum
674 1011 794 1108 dejecit
813 1016 849 1083 in
866 1037 1000 1109 equora
1020 1027 1172 1108 pontem;

276 1136 388 1204 Saevus
403 1150 438 1203 et
455 1160 473 1202 e
491 1137 596 1229 puppi
612 1135 714 1230 longo
731 1132 877 1204 elamore
891 1135 1049 1228 magister

278 1255 428 1349 Dissipat
444 1254 631 1349 amplexus,
650 1269 754 1349 atque
771 1252 882 1324 oscula
902 1249 969 1322 fida
984 1252 1128 1340 revellit,

276 1378 349 1446 Neo
366 1374 505 1470 longum
519 1398 598 1445 cara
618 1374 696 1445 licet
711 1377 747 1444 in
764 1377 895 1445 cervice
916 1375 1050 1443 morari.

275 1499 431 1566 Attamen
450 1497 485 1564 in
502 1510 637 1565 terrase
652 1494 749 1591 plebe
762 1497 960 1566 novissimus
979 1496 1073 1564 omni

276 1617 353 1703 Ibo,
372 1642 435 1686 nec
452 1616 603 1712 egrediar
620 1617 685 1685 nisi
699 1617 770 1710 jam
791 1616 929 1696 cedente
946 1618 1070 1685 carina.
1268 1709 1270 1712 .

324 1738 410 1826 Quis
425 1737 523 1823 rude,
540 1748 574 1805 et
589 1737 772 1807 abscissum
789 1727 917 1815 miseris
938 1737 1160 1806 animantibus
1176 1761 1323 1832 aequor

276 1858 371 1926 Fecit
388 1856 470 1926 iter?
489 1854 668 1950 solidaeque
689 1858 761 1951 pios
779 1855 906 1926 telluris
919 1855 1073 1926 alumnos

277 1977 416 2071 Expulit
431 1979 468 2045 in
485 1977 624 2065 fluetus,
642 1975 828 2072 pelagoque
846 1977 983 2048 immisit
1002 1978 1150 2046 hiantes?

276 2097 394 2169 Audax
410 2099 550 2193 ingenii3
568 2121 631 2168 nee
644 2099 734 2168 enim
753 2101 929 2168 temeraria
944 2101 1051 2168 virtus
1097 2115 1100 2122 ’

276 2217 339 2287 Illa
348 2220 474 2313 magis,
492 2238 629 2288 summor
644 2218 790 2313 gelidum
806 2240 878 2313 qne
895 2218 1011 2289 Pelion
1028 2222 1121 2291 Ossae

276 2340 406 2427 lunxit,
425 2338 703 2433 anhelantemque
718 2339 808 2434 jugis
823 2341 872 2408 bis
889 2341 1007 2434 pressit
1027 2339 1221 2436 Olympum.

277 2459 393 2554 Usque
410 2458 536 2529 adeone
555 2483 673 2553 parum
689 2451 796 2529 lentas
814 2461 953 2532 transire
969 2459 1121 2556 paludes,

277 2581 467 2674 stagnaque
484 2594 517 2649 et
536 2594 695 2676 angustos
712 2582 907 2650 submittere
920 2582 1078 2676 pontibus
1090 2584 1224 2653 amnes?

277 2702 369 2767 Imus
390 2700 425 2767 in
434 2700 638 2795 abruptum,
660 2700 867 2795 gentilesque
886 2702 1035 2797 undique
1048 2718 1153 2773 terras

276 2821 449 2913 Fugimns,
467 2822 587 2914 exigua
606 2820 710 2889 clausi
728 2822 837 2910 trabe,
857 2837 891 2891 et
909 2846 984 2891 nere
1000 2823 1101 2892 nudo.

276 2938 359 3007 Inde
375 2939 470 3009 furor
482 2941 606 3028 ventis,
624 2937 870 3035 indignatusque
887 2940 1055 3035 procellte,

275 3039 318 3128 Et
339 3058 412 3128 coeli
433 3060 599 3145 fremitus,
618 3076 652 3129 et
666 3058 808 3129 fulmine
822 3060 918 3155 plura
935 3066 1091 3133 Tonanti.

324 3181 411 3249 Ante
428 3193 530 3267 rates,
548 3180 643 3274 pigro
662 3180 842 3274 torpebant
857 3206 992 3275 aequora
1005 3208 1139 3263 somno;

204 3331 211 3346 =
276 3300 349 3369 Nec
364 3322 520 3393 spumare
534 3298 663 3387 Thetis,
682 3320 744 3368 nec
763 3318 919 3397 spargere
936 3302 1051 3373 nubila
1068 3304 1189 3373 ilno'tus

276 3420 477 3491 Audebant:
499 3421 577 3492 risis
598 3434 793 3492 tumuerunt
810 3424 978 3517 puppibus
996 3424 1107 3513 undae,

276 3544 382 3635 Inque
395 3541 566 3611 hominem
580 3545 725 3612 surrexit
741 3542 856 3613 hiems.
870 3538 965 3615 Tunc
983 3545 1100 3615 nubile
1121 3545 1243 3633 Pleias,

277 3660 500 3756 Oleniumque
519 3686 639 3758 pecus3
659 3662 761 3735 solito
778 3679 858 3733 tnnc
877 3666 972 3760 p'ejor
993 3668 1112 3740 Orion.

323 3786 417 3852 Jnsu
434 3808 576 3877 queror:
589 3786 675 3881 fugit
689 3809 767 3857 eece
780 3800 881 3883 vegas
896 3790 976 3858 ratis
993 3804 1066 3859 aeta
1085 3814 1144 3884 per
1164 3790 1274 3862 undas

277 3900 441 3973 Paulatim
462 3905 585 3992 minor,
608 3920 642 3975 et
661 3905 760 4002 longe
778 3881 943 3979 servantia
957 3911 1065 3979 ,vineit

149 4093 153 4101 ,
276 4026 438 4109 Lumina,
454 4038 504 4092 tot
521 4026 638 4118 gracili
655 4026 748 4122 ligno
764 4028 936 4123 complexa
956 4032 1103 4120 timores,
