2934 4950
261 351 302 408 IN
321 353 352 407 P.
374 353 403 406 P.
427 351 552 408 STATII
574 349 748 407 ΤΗΕΒΑΙΒ.
770 354 838 439 un
859 354 897 412 X.
1046 353 1101 411 333

37 468 99 523 tius
117 487 125 520 ε
147 493 159 516 α
170 465 502 542 animommeupiditate
517 489 524 522 :
541 468 607 524 lieet
617 469 711 526 adhue
725 489 786 525 non
794 489 885 544 parvo
902 469 1103 546 disjungeren-

38 569 90 616 tur
107 561 214 636 spatio
233 560 263 636 (a
280 561 408 640 castris),
424 581 475 636 spe
497 573 592 618 tamen
613 574 641 618 et
659 565 837 638 properandi
859 563 955 620 studio
972 564 1031 637 jam
1049 563 1103 623 sibi

38 665 139 710 eastra
157 655 337 710 videbantur
349 665 454 711 tenere.
470 679 483 706 »

83 747 277 824 Corporaque
291 750 333 804 ire
352 750 431 804 viclet
443 745 480 826 (v.
499 746 579 825 39²)·
594 751 648 805 ΜΒ
669 771 675 804 ;
692 774 704 800 ει
720 768 844 824 corpora
861 751 966 804 abinde
984 768 1035 804 v.»

81 845 120 896 In
138 845 247 897 Ioevum
261 854 370 917 torquet
389 840 427 918 (v.
447 841 523 918 411).
538 844 609 912 ΜΒ,
622 845 670 899 ΡΒ
687 865 694 898 :
712 869 723 892 ιι
734 843 765 897 in
778 846 909 898 levam·

82 936 274 992 Moderatius
293 932 331 1014 (v.
349 935 428 1012 423).
448 939 524 992 Bene
538 939 594 992 ΜΒ
608 946 636 991 et
651 954 668 992 n
686 936 734 992 alii
749 957 756 993 ε
771 938 973 992 moderantius.

84 1028 187 1083 Novus
206 1030 302 1084 assilit
313 1029 425 1087 aethera
440 1048 560 1105 magnus
577 1029 693 1086 Clamor
705 1027 743 1107 (v.
761 1026 840 1107 456).
856 1032 945 1086 Recte
958 1031 1013 1085 ΜΒ
1024 1039 1052 1085 et
1067 1031 1102 1086 nl.

21 1140 103 1202 'non
117 1121 213 1194 pauci
231 1142 238 1176 :
255 1142 399 1198 magnum.
415 1125 485 1199 Reg.
505 1143 535 1194 1,
556 1135 621 1177 tnnc
635 1142 690 1196 pro
703 1141 836 1192 novena
853 1124 936 1199 gloss.

86 1215 254 1288 Prospexit
266 1217 294 1271 in
307 1217 413 1271 cethem
427 1215 465 1292 (v.
482 1213 561 1294 459).
571 1217 750 1291 OptimeMB
763 1228 791 1273 et
806 1217 878 1273 alius
888 1236 895 1271 :
905 1241 918 1267 α
927 1217 1081 1273 abaethere.
1090 1243 1102 1267 n

84 1308 205 1362 Illiciea
223 1311 291 1363 coeli
309 1311 346 1364 de
360 1311 496 1385 lampade
519 1322 608 1366 tactos
632 1309 670 1386 (v.
690 1309 768 1386 470).
790 1336 803 1361 ιι
816 1315 842 1365 Δ
859 1309 1021 1385 longinquo
1038 1310 1102 1383 epi-

43 1399 150 1454 theton
164 1401 270 1473 traxit,
284 1420 319 1457 eo
336 1401 417 1477 quod
435 1420 496 1458 non
516 1403 600 1460 liceat
618 1403 696 1478 tangi
719 1405 799 1474 loca,
813 1402 865 1458 ubi
877 1402 991 1475 jaceant
1005 1402 1102 1458 fulmi-

42 1494 112 1548 nati.
125 1518 138 1544 u
153 1495 248 1550 Lscr.
265 1492 363 1572 (Adde
376 1493 486 1574 Barth.)
501 1499 596 1568 Quare
616 1497 683 1553 olim
701 1496 835 1552 nonnulli
852 1497 945 1551 Elicio
966 1496 1099 1569 conjece-

42 1596 129 1658 runt,
145 1589 187 1643 ab
203 1589 275 1644 Jove
292 1587 391 1644 Elicio.

89 1681 170 1752 Quce
179 1693 208 1736 te
217 1684 322 1758 leges...
331 1683 445 1738 Emdiit
453 1680 490 1758 (v.
499 1680 627 1761 506sq.).
638 1685 855 1740 GlossBurthii:
865 1710 877 1734 ιι
885 1704 914 1758 q.
924 1696 952 1740 te
961 1686 989 1738 in
996 1685 1100 1760 leges.»

84 1774 274 1830 Alimem'des
295 1773 332 1852 (r.
359 1774 437 1852 διο).
466 1776 606 1832 Codicum
629 1776 723 1850 major
748 1797 882 1834 numerus
903 1797 911 1832 ε
935 1779 1101 1834 Almenides

44 1867 88 1920 vel
107 1878 140 1922 et
153 1870 334 1924 Abnenides.
351 1888 363 1924 1
380 1869 480 1925 Behot.
495 1870 746 1941 :Achaemeniden
759 1883 792 1926 ut
809 1871 876 1929 edd.
886 1873 991 1927 multa.
1004 1872 1099 1942 linet,

46 1959 133 2014 etiam
154 1959 188 2016 in
208 1960 272 2016 cod.
299 1963 375 2031 Per„
395 1964 595 2031 Alcmenides,·
618 1964 716 2021 scholi.
740 1963 847 2021 Barthii
868 1984 876 2019 ι
900 1965 1100 2031 Alemonides,

47 2051 100 2106 nisi
124 2063 246 2131 typogr.
265 2054 376 2111 vitium.
398 2055 457 2112 Sed
474 2067 553 2115 reete
571 2058 744 2114 Ialmenides
762 2057 779 2114 3
800 2056 959 2128 Gronovii,
974 2075 1060 2131 quern
1072 2077 1100 2112 v.

48 2145 83 2198 nd
99 2143 171 2202 305.

89 2239 284 2316 Tmbibusque
293 2237 405 2296 metesa
414 2259 514 2296 sonoro
528 2242 645 2297 Pelium
651 2260 727 2297 eaeo
737 2244 798 2297 loeo
806 2239 845 2319 (v.
856 2244 912 2313 ⁵²7
927 2240 992 2321 sq.).
1002 2266 1018 2294 a
1027 2245 1101 2298 Vera

48 2332 133 2388 lectio
163 2343 210 2388 est
236 2332 266 2388 in
286 2332 495 2408 Lindenbrogii
510 2333 681 2390 membranis
703 2345 732 2390 et
748 2333 853 2390 nostris
875 2334 1016 2390 duobus:
1041 2346 1100 2390 «tr.

50 2435 117 2481 aret.
132 2426 247 2482 sonoris
261 2428 291 2482 P.
307 2445 328 2503 n
343 2427 439 2484 loco.»
453 2427 560 2484 Trabes
573 2444 685 2483 sonoroe
698 2444 754 2501 per
767 2445 797 2484 se
806 2426 864 2483 dici
877 2445 938 2483 non
957 2435 1099 2501 possunt:

49 2536 138 2589 quum
153 2531 252 2575 autem
265 2519 343 2576 ferro
357 2530 470 2575 mate
485 2520 571 2576 ariete
590 2519 785 2595 impelluntur,
799 2520 918 2577 omnino
938 2519 978 2575 sie
996 2520 1099 2595 appel-

50 2608 101 2664 lari
118 2622 276 2684 possunt.»
296 2613 407 2669 ΒΑΜ.
535 2676 536 2679 ¹

92 2705 197 2761 Orbita
216 2708 302 2781 longo
320 2724 463 2761 comarum
477 2702 516 2784 (v.
540 2702 617 2782 551).
641 2704 832 2762 scribendum
853 2704 971 2760 omnino
986 2716 1047 2761 erat
1064 2726 1099 2762 ex

52 2797 103 2854 ΜΒ
119 2798 244 2874 aliisque
257 2819 317 2855 non
329 2799 429 2874 paucis
443 2818 450 2853 ε
466 2800 524 2856 «0.
542 2802 604 2854 leta
619 2817 798 2856 comarum.»

92 2891 271 2967 Cognoscere
293 2890 397 2948 causas
418 2894 455 2968 (v.
484 2890 560 2970 568).
584 2894 638 2948 ΜΒ
668 2912 681 2947 :-
702 2910 878 2967 agnoscere,
908 2903 941 2946 ut
973 2891 1098 2964 videtur,

52 2999 123 3039 vere.

92 3079 198 3134 Erexit
210 3098 279 3155 apes
293 3076 331 3157 (v.
349 3078 426 3158 575).
444 3083 466 3137 1.
484 3100 508 3137 e.
528 3080 640 3135 excivit.
655 3080 699 3135 At.
715 3098 731 3134 e
749 3078 786 3155 gl.
802 3098 808 3131 :
824 3080 926 3153 exegit.

94 3170 232 3246 Supplice
244 3184 316 3228 coetu
334 3167 371 3249 (u.
384 3170 461 3250 589).
477 3173 685 3230 «Scribeudum
700 3184 799 3247 questu
812 3190 848 3227 ex
861 3172 976 3247 optimis
989 3172 1097 3229 codd„

928 3267 1036 3321 Btnru.

95 3358 209 3429 Quiane
219 3374 288 3417 ante
301 3362 367 3415 duci
379 3358 417 3439 (v.
440 3358 497 3435 592
512 3358 575 3438 sq.).
591 3358 747 3417 «leonicos
762 3379 769 3413 τ
786 3370 881 3415 curet
898 3358 987 3415 modo
1002 3359 1098 3414 futura

54 3466 109 3504 non
136 3451 245 3525 dicam,
270 3453 417 3529 quiante,
437 3472 526 3529 quum
539 3464 660 3511 ventura
679 3453 818 3519 dicerem,
838 3450 879 3507 ita
897 3472 960 3508 sum
975 3452 1098 3508 libenter

55 3541 183 3600 auditus?
202 3547 315 3602 »Lien
331 3548 407 3602 Bene
423 3555 571 3620 comparat
590 3547 685 3602 Barth.
699 3544 818 3621 virgil„
832 3546 913 3611 En,
930 3564 969 3614 iv,
987 3544 1042 3616 537
1053 3564 1096 3619 sq.

55 3644 80 3687 et
92 3636 223 3695 Servium
242 3641 382 3696 emendat.
672 3634 675 3641 ’

94 3730 204 3787 Ruhore
217 3734 254 3807 (v.
273 3733 351 3810 602).
362 3734 409 3790 Sic
422 3732 516 3790 Barth.
533 3752 568 3787 ex
582 3742 654 3807 optt.
671 3733 802 3810 2.Vulgo
815 3734 887 3788 male
900 3733 1035 3793 ruborem.

93 3820 212 3880 Moestus
226 3825 338 3892 adhue,
350 3826 463 3899 petrice
476 3820 514 3902 (v.
529 3822 608 3904 617).
623 3824 864 3900 Distinguendum
879 3844 944 3881 cum
957 3823 1074 3880 Barthio
1089 3843 1096 3877 :

60 3933 70 3957 s
86 3927 215 3991 mestus,
235 3917 328 3973 adhuc
344 3918 473 3993 patrie.»

95 4008 177 4065 Mare
195 4014 282 4067 sumit
293 4010 330 4068 ab
349 4026 421 4068 oestu
436 4010 473 4090 (v.
491 4010 568 4091 623).
585 4014 638 4068 ΜΒ
654 4015 767 4075 :sentit
