2934 4950
113 407 215 470 tans)
428 407 643 466 runusrnos
663 409 773 465 unua
795 409 817 462 1.
1089 401 1143 472 173
1191 359 1203 368 ’

110 532 279 628 Fulgurat,
296 533 368 602 haec
386 534 464 602 vivo
479 559 597 602 manus
617 557 694 602 acra
711 533 864 602 'verberat
879 530 996 625 hydro.

153 657 199 724 Ut
215 655 328 742 stetit,
347 635 490 748 abrupta
507 679 575 748 qua
591 652 757 747 plurimus
774 677 849 722 arce
867 651 1034 740 Cithaepon

108 778 259 844 Occurrit
276 772 378 863 coelo,
395 774 467 843 iera
485 773 581 843 sibila
596 775 688 843 crine
703 773 824 842 viremi

108 887 343 992 Congemintit,
359 896 494 990 signum
511 896 627 983 terris,
646 893 735 964 unde
751 895 860 963 omnis
874 893 985 963 Achai

107 1019 173 1086 Ora
185 1017 288 1086 maris
305 1014 387 1105 late,
404 1014 626 1112 Pelopeiaque
643 1041 747 1111 regna
761 1013 933 1086 resultant.

107 1137 218 1208 Audiit
231 1150 268 1205 ct
285 1133 416 1205 medius
432 1134 508 1205 coeli
525 1129 724 1224 Parnassus,
742 1150 776 1204 et
794 1161 889 1230 asper

107 1261 265 1346 Eurotas,
280 1254 483 1350 dubiamque
497 1257 580 1352 jugo
596 1257 712 1352 fragor
727 1255 865 1352 impulit
878 1259 989 1326 OEten

107 1381 143 1445 ln
161 1376 271 1467 latus,
288 1390 324 1446 et
340 1377 481 1472 geminis
497 1379 553 1446 vix
568 1375 724 1447 fluctibus
743 1377 871 1446 obstitit
885 1377 1035 1447 Isthmos.

105 1500 178 1592 Ipsa
192 1493 295 1568 suum
311 1499 474 1593 genitrix,
490 1521 596 1569 curvo
614 1495 770 1592 delphine
786 1512 962 1593 vagantem
979 1581 984 1590 ι

106 1619 254 1714 Arripuit
269 1619 387 1707 frenis,
404 1613 604 1712 gremioque
617 1615 806 1688 Palaemoua
820 1618 949 1713 pressit.

150 1746 262 1836 Atque
280 1763 320 1807 ea
338 1737 485 1808 Cadmeo
499 1734 647 1834 praeceps
664 1738 722 1806 ubi
741 1735 854 1808 limine
870 1738 1014 1835 primum

106 1862 280 1947 Constitit,
296 1872 493 1953 monaque
506 1857 621 1928 infecit
637 1858 727 1928 nube
747 1874 899 1954 penates,
949 1919 951 1924 .

107 1983 261 2050 Protinus
279 1980 413 2048 attoniti
433 1978 576 2049 fratrum
591 1979 654 2049 sub
668 1994 804 2074 pectore
821 1994 946 2068 motus,

106 2099 314 2194 Gentilisque
330 2101 458 2169 animos
477 2099 580 2168 subiit
593 2099 704 2188 firror,
719 2125 874 2198 aegraque
892 2097 974 2170 lastis

106 2221 249 2309 Invidia,
266 2236 368 2316 atque
383 2245 504 2317 pareus
522 2219 591 2290 odii
606 2235 725 2291 metus.
741 2221 976 2316 Indelregendi

105 2347 212 2412 Soevtu
228 2366 348 2412 amor:
362 2357 536 2438 ruptaque
550 2343 659 2431 vices,
672 2341 825 2436 jurisque
842 2341 979 2412 secundi

104 2461 255 2535 Ambitus
275 2464 470 2561 impatiens,
485 2477 519 2533 et
535 2488 667 2534 summo
685 2455 817 2533 dulcius
835 2488 940 2533 unum
1005 2554 1008 2561 1

105 2587 194 2655 Stare
209 2584 305 2675 loco,
326 2586 490 2680 sociisque
506 2609 616 2656 comes
631 2583 795 2654 discordia
812 2585 932 2679 regnis.

104 2707 224 2775 Sicubi
242 2704 388 2807 delectos
403 2729 464 2802 per
481 2704 744 2791 torva'armenta
760 2706 919 2801 juvencos

104 2827 253 2922 Agricola
269 2829 427 2925 imposito
444 2829 570 2899 sociare
584 2827 721 2899 affectat
736 2841 870 2896 aratro:

102 2947 150 3017 llll
169 2949 405 3045 indignantes,
421 2952 497 3045 quis
512 2950 664 3020 nondum
679 2972 816 3019 vomere
834 2946 941 3018 multo

103 3070 212 3141 Ardua
229 3070 377 3141 nodosos
396 3072 509 3140 cervix
529 3070 699 3149 descendit
718 3071 752 3140 in
774 3094 900 3158 armos,

104 3192 138 3259 ln
153 3191 284 3263 diversa
302 3192 459 3281 trahunt,
475 3207 576 3288 atque
594 3194 699 3287 aequis
712 3189 848 3261 vincula
863 3189 977 3259 laxant

103 3312 251 3405 Viribus,
266 3330 301 3383 et
315 3315 408 3385 vario
422 3312 636 3384 confundunt
650 3311 754 3382 limite
769 3309 887 3381 sulcos

144 3435 245 3507 Haud
260 3460 355 3505 secus
374 3435 553 3505 indomitos
570 3460 716 3531 praeceps
734 3408 901 3503 discordiis
918 3431 1036 3502 fratres

104 3562 252 3654 Asperat.
270 3555 402 3627 Alterni
421 3556 549 3653 placuit
568 3556 632 3626 sub
650 3554 781 3651 legibus
798 3554 878 3623 anni

102 3679 220 3750 Exsilio
241 3695 373 3749 mutare
393 3677 520 3749 ducem.
538 3680 594 3749 Sic
607 3678 682 3773 jure
699 3675 848 3772 maligno

102 3805 281 3871 Fortunam
299 3801 442 3871 transire
458 3801 597 3894 jubent,
620 3813 659 3868 ut
679 3798 812 3893 sceptra
833 3790 1000 3866 tenentem

103 3924 233 3994 'radere
251 3924 415 4019 praecipiti
434 3946 563 4018 semper
583 3946 692 3990 novus
712 3931 851 4013 augeret
867 3918 972 3987 heres.

104 4048 175 4115 Hac
197 4046 284 4114 inter
303 4036 433 4114 fratres
444 4044 550 4140 pietas
568 4057 660 4113 erat:
679 4042 749 4109 haec
770 4062 864 4109 mora
882 4064 1004 4135 pugnae
