2934 4950
66 386 153 449 (ΜΦ)
386 387 581 444 sumunt
600 389 711 446 tiata
731 391 766 444 V.
1055 389 1108 447 135

63 512 222 608 Conjugis
243 511 368 601 orbati,
389 526 470 582 tunc
491 511 570 583 llere
589 528 624 583 et
644 514 797 583 scindere
818 529 924 584 vestes

62 639 99 704 Et
114 631 262 703 famulos
279 630 401 704 lassare
418 636 551 729 greges,
567 649 601 704 et
617 635 753 705 vincere
770 632 938 729 planctus,

61 759 220 848 Fataque,
240 767 276 823 et
295 755 438 849 injustos
458 754 583 824 rabidis
603 754 737 850 pulsare
758 756 900 850 querelis

61 873 248 964 Celicolas,
267 873 417 946 solamen
434 891 507 945 erat
523 901 531 944 :
550 875 628 945 licet
644 878 716 972 ipse
732 875 889 948 levandos

60 995 104 1066 ld
124 997 273 1092 gemitus
293 995 386 1066 silvis
407 997 587 1068 comitatus
606 1011 640 1067 et
659 999 815 1068 amnibus
836 999 994 1095 Orpheus

60 1116 204 1206 moret,
224 1131 326 1212 atque
343 1119 456 1188 omnis
472 1119 600 1213 pariter
616 1133 798 1190 matertera
815 1135 941 1208 vatem,

62 1241 174 1308 Omnis
190 1236 391 1335 Apollineus
408 1254 537 1336 tegeret
556 1241 748 1335 Bacchique
766 1240 937 1329 sacerdos3

61 1357 111 1428 Nil
130 1374 269 1449 cantus,
289 1359 338 1429 nil
359 1359 432 1451 fila,
449 1363 533 1432 Deis
551 1359 708 1457 pallentis
726 1365 852 1433 Averni

63 1481 349 1576 Eumenidumque
367 1482 482 1552 audita
499 1485 620 1574 comis,
639 1482 788 1554 mulcere
804 1481 978 1554 valerent:

63 1605 182 1672 Tantus
202 1605 239 1672 in
260 1604 408 1674 attonito
424 1604 590 1700 regnabat
605 1619 742 1700 poetore
762 1596 887 1676 luetusl

64 1725 155 1793 Nunc
171 1725 276 1793 etiam
295 1724 338 1794 ad
353 1724 653 1822 planctustetugit
668 1728 739 1821 jam
758 1724 858 1822 plana
875 1727 1010 1797 cicatrix

66 1847 146 1914 Dum
165 1848 337 1938 cauimus,¹
357 1847 582 1943 gravibusque
596 1847 707 1934 ocellis
727 1851 865 1919 uxorius
885 1850 988 1918 instat

66 1967 166 2037 Imber
183 1995 193 2037 ε
211 1968 383 2038 habentne
398 1971 473 2066 pios
488 1971 674 2040 etiamnum
690 1971 762 2040 baec
778 1967 905 2040 lumina
920 1967 1038 2042 fletus?

69 2093 144 2160 blira
163 2088 263 2162 fides!
284 2092 384 2162 citius
402 2092 548 2188 genitrix
567 2091 700 2188 Sipylea
718 2093 847 2164 feretur

70 2212 257 2284 Exhausisse
276 2237 394 2310 genas;
415 2215 515 2283 citius
534 2212 716 2283 Tithonida
734 2217 845 2284 moesti

71 2335 228 2407 Deficient'
239 2356 347 2425 rores,
362 2350 421 2404 aut
437 2338 599 2406 exsiccata
614 2335 746 2407 fatiscet

71 2456 169 2527 blatea·
184 2455 347 2529 Achilleis
365 2457 493 2527 humes
511 2457 699 2554 affrangere
718 2460 835 2528 bustis.

109 2581 217 2650 Macte
237 2576 355 2649 animi!
378 2594 472 2649 notat
493 2580 557 2648 ista
572 2582 679 2669 Deus,
700 2581 759 2674 qui
778 2580 880 2649 flectit
900 2580 1048 2651 habenas

73 2699 177 2791 Orbis,
196 2717 232 2771 et
250 2680 417 2770 humanos
434 2694 572 2795 propior
589 2704 671 2771 Jove
689 2700 811 2796 digerit
832 2708 940 2790 actu's3

73 2822 325 2918 timentemque
341 2822 446 2911 videt,
466 2820 611 2917 lectique
628 2845 750 2894 arcana
770 2824 914 2893 ministri

76 2945 148 3014 Hinc
163 2947 265 3016 etiam
282 2945 484 3016 documenta
503 2947 610 3039 capit,
628 2944 719 3040 quod
738 2943 850 3041 diligis
867 2946 1041 3031 umbram,

75 3065 111 3132 Et
124 3064 201 3137 colis
218 3067 391 3160 exsequias
407 3091 416 3133 :
432 3066 487 3135 hic
503 3052 555 3135 est
569 3066 773 3136 castissimus
789 3066 905 3152 ardor3

77 3187 128 3255 llic
144 3213 238 3259 amor
257 3212 278 3256 a
297 3185 436 3257 domino
455 3188 594 3257 meritus
613 3209 751 3256 censore
769 3188 915 3281 probari.

78 3305 137 3377 Nec
154 3312 297 3399 mirum,
315 3311 345 3378 'si
366 3332 426 3378 vos
445 3305 568 3378 collato
588 3323 722 3403 pectore
737 3309 864 3378 'mixtos

79 3429 178 3501 lunxit
192 3431 375 3525 inabrupta
391 3428 570 3498 concordia
585 3408 830 3522 longa'catena.

116 3549 171 3623 Illa
191 3552 347 3648 quidem,
365 3566 542 3646 nuptuque
564 3552 672 3645 prior,
693 3549 860 3645 taedasque
880 3552 1001 3618 marito

80 3672 162 3744 lassa
180 3674 265 3762 alio;
286 3674 346 3744 sed
368 3687 400 3742 te
419 3696 481 3742 ceu
501 3673 694 3767 virginitate
712 3673 879 3767 jugatum¹

81 3793 255 3867 Visceribus
274 3796 374 3884 totis,
393 3796 572 3888 animoque
589 3792 741 3888 amplexa
762 3792 906 3861 fovebat.

82 3914 215 4003 Qualiter
230 3942 379 4014 aequaevo
393 3917 552 3987 sociatam
567 3913 706 4011 palmite
719 3915 821 3983 vitem

83 4034 185 4112 Ulmus
199 4056 307 4131 amat,
326 4041 508 4133 miscetque
525 4063 659 4127 nemus,
677 4036 846 4130 ditemque
864 4050 1019 4131 precatur
