2934 4950
336 481 391 540 ¹4⁰
419 483 428 494 “
685 463 717 517 Ρ.“
737 459 860 517 PUBLII
881 453 1003 512 sTtTu
1261 448 1296 508 lv.
1313 453 1388 507 170.)

381 603 521 691 Jamque
539 592 665 664 cadunt
676 589 810 676 ¹vultus,
827 583 996 677 oculisque
1014 577 1213 650 novissimus
1222 599 1342 658 error,

335 720 535 811 Obtusoeque
550 738 662 802 aures,
681 713 746 781 nisi
761 733 865 804 quum
883 729 946 774 vox
965 702 1034 772 sola
1051 698 1160 768 mariti

335 841 493 912 Noscitur
516 864 524 907 τ
546 835 641 906 illum
661 857 767 904 unum
788 829 897 899 media
913 826 955 895 de
973 837 1081 894 morte
1099 843 1231 890 reversa

334 965 432 1033 Mens
448 959 554 1045 videt3
569 956 665 1026 illum
678 956 775 1050 aegris
792 948 977 1022 circumdat
991 945 1121 1015 fortiter
1136 939 1225 1010 ulnis
1239 979 1241 988 ,

334 1087 493 1153 Immotas
508 1082 648 1151 obversa
662 1099 781 1174 genas;
796 1097 857 1142 nec
872 1068 940 1142 sole
955 1088 1110 1162 supremo

335 1205 498 1290 Lumina,
513 1202 571 1272 sed
588 1198 677 1269 dulci
693 1193 820 1268 mavult
835 1195 954 1264 satiare
969 1190 1099 1262 marito.
1117 1243 1122 1252 .

335 1330 430 1395 Tunc
448 1327 495 1394 sic
515 1324 712 1394 unanimum
731 1318 878 1388 moriens
894 1313 1021 1384 solatur
1036 1321 1229 1380 amantem:

384 1477 401 1512 a
411 1450 493 1516 Pars
509 1446 627 1515 animae
644 1443 773 1511 victura
789 1457 885 1524 mea,
902 1435 956 1506 cui
977 1431 1127 1526 linquere
1147 1450 1276 1523 possem

336 1573 368 1639 Ο
388 1569 517 1637 utinam
535 1590 620 1660 quos
637 1562 725 1634 dura
740 1560 823 1630 mihi
840 1558 929 1651 rapit
945 1557 1092 1648 Atropos
1113 1573 1234 1636 annos,
1281 1607 1283 1612 .

337 1696 453 1777 Parce,
471 1712 606 1784 precor,
626 1683 797 1778 lacrymis,
815 1701 981 1750 sevo-nec
998 1686 1138 1742 concute
1155 1669 1293 1766 planctu
1311 1729 1314 1738 ,

335 1817 494 1899 Pectora,
512 1833 575 1878 nec
595 1808 704 1877 crucia
721 1803 904 1898 fugientem
924 1797 1074 1892 conjugis
1090 1793 1254 1864 umbram.

337 1933 469 2025 Linquo
486 1927 641 2024 equidem
658 1924 836 2013 thalamos,
853 1921 944 1992 salvo
964 1933 1076 1990 tamen
1093 1914 1232 2002 ordine,
1245 1926 1384 1982 moestos

337 2050 440 2142 Quod
459 2031 551 2146 prior
571 2049 665 2143 exegi
681 2044 781 2140 longa
798 2044 927 2139 potiora
947 2053 1080 2112 senecta

337 2179 522 2266 Tempora3
538 2168 608 2238 vidi
627 2168 719 2237 omni
739 2180 771 2234 te
790 2164 919 2260 pridem
938 2162 973 2230 in
989 2160 1072 2230 flore
1089 2160 1266 2245 nitentem,

336 2294 417 2363 Vidi
432 2291 511 2363 altae
531 2291 669 2387 propius
690 2288 893 2383 propiusque
913 2281 1068 2354 accedere
1085 2280 1234 2351 dextrae:

338 2417 416 2488 Non
435 2415 472 2483 in
492 2427 524 2484 te
542 2412 648 2503 Fatis,
668 2435 737 2481 non
751 2411 821 2505 jam
839 2404 1034 2477 Coelestibus
1055 2401 1131 2474 ullis

337 2536 539 2622 Arbitrium
559 2558 689 2603 mecum
708 2534 771 2601 ista
787 2530 858 2600 fero
877 2556 884 2598 :
903 2543 940 2597 tu
957 2526 1063 2597 limite
1080 2540 1210 2620 coepto:

337 2656 453 2726 Tende
471 2653 594 2742 libens,
614 2675 812 2746 sacrumque
830 2648 932 2739 latus,
951 2649 1165 2741 Geniumque
1183 2658 1357 2740 potentem
1400 2732 1405 2737 ,

337 2778 540 2873 Irrequietus
560 2800 660 2845 ama:
679 2798 785 2862 nunc,
806 2772 896 2867 quod
916 2770 1010 2866 cupis
1029 2770 1099 2865 ipse
1114 2767 1241 2863 juberi,

338 2902 390 2969 Da
409 2896 606 2992 Capitolinis
627 2911 789 2977 aeternum
808 2893 938 2965 sedibus
958 2916 1099 2975 aurum,
1156 2978 1158 2983 Ι

337 3023 417 3112 Quo
432 3021 561 3089 niteant
577 3019 662 3087 sacri
672 3003 820 3087 ⁴centeno
836 3010 1111 3109 pondererultus

337 3142 493 3227 Caesaris3
512 3154 545 3209 et
563 3139 705 3234 propriae
723 3138 817 3231 signa
838 3132 985 3204 cultricis
1004 3156 1173 3203 amorem..

337 3262 391 3330 Sic
409 3285 472 3356 ego
486 3284 549 3329 nec
564 3259 697 3346 Furias,
713 3281 776 3327 nec
793 3256 957 3326 deteriora
972 3256 1094 3327 ridebo

319 3435 322 3442 ,
337 3383 489 3469 Tartara,
506 3394 539 3449 et
554 3377 678 3473 Elysias
696 3375 777 3447 felix
790 3376 949 3447 admittar
966 3378 1001 3445 in
1020 3401 1105 3446 oras.
1117 3406 1135 3443 2>

384 3504 463 3571 flac
479 3500 560 3570 dicit
576 3499 704 3589 labens,
723 3501 894 3593 sociosque
912 3496 1125 3593 amplectitur
1143 3510 1254 3590 artus,
1271 3552 1275 3560 .

337 3622 592 3715 Haerentemque
612 3622 758 3690 animam
778 3646 846 3691 non
866 3622 970 3689 tristis
990 3621 1024 3688 in
1044 3644 1103 3688 ora
1123 3620 1238 3688 mariti

336 3740 536 3831 Transtulit,
553 3756 585 3811 et
603 3768 681 3813 cara
699 3743 818 3838 pressit
837 3766 896 3812 sua
915 3740 1041 3813 lumina
1059 3740 1183 3811 dextra.

336 3867 380 3933 At
394 3863 542 3956 juvenis,
561 3888 683 3959 magno
702 3864 890 3933 flammatus
911 3878 1047 3958 pectora
1067 3860 1179 3951 luctu,

337 3986 437 4055 Nunc
457 3984 573 4080 implet
589 4003 678 4055 'saero
697 3985 814 4055 viduos
833 3984 977 4054 clamore
994 3997 1146 4080 penates3

337 4107 438 4178 Nunc
458 4105 583 4176 ferrum
603 4104 715 4176 laxare
734 4108 841 4201 cupit;
863 4130 952 4176 nunc
972 4104 1075 4176 ardua
1096 4102 1204 4174 tendit
