2934 4950
420 390 457 447 9²
721 341 1060 436 renuamus-euim
1080 382 1144 437 vu.
1344 383 1372 444 (v.
1383 384 1437 442 ua.

419 503 486 573 Aut
505 517 623 573 nutare
641 501 765 592 solum,
783 519 842 573 aut
859 520 983 573 veteres
1003 504 1202 575 descendere
1222 506 1336 594 silvas,

417 618 486 693 Ah!
504 624 615 692 miseri
632 623 753 693 vidisse
770 639 888 718 putent
904 651 912 693 ε
928 640 1010 694 tunc
1026 640 1102 695 acre
1120 627 1265 695 novabat

417 747 593 841 Ingenium
611 774 619 816 :
637 745 718 815 falso
732 750 924 817 Nemeaeum
936 747 1073 843 pulvere
1087 772 1241 842 campum

416 868 524 962 Erigit
542 894 550 936 ε
569 870 700 937 attoniti
722 869 929 937 tenebrosam
947 870 1105 939 avertice
1122 871 1244 939 nubem

417 992 606 1083 Respexere
623 988 724 1059 duces
747 1015 756 1058 ε
775 987 859 1059 falso
877 988 1021 1059 clamore
1037 987 1217 1060 tumultum

415 1114 539 1205 Auget,
554 1125 588 1180 et
608 1134 700 1180 arma
718 1111 844 1200 virum,
863 1109 1043 1205 pulsusque
1060 1112 1211 1181 imitatur
1229 1136 1400 1205 equorum,

416 1230 678 1326 Terribilemque
697 1256 797 1328 vagas
814 1230 978 1301 ululatum
996 1234 1123 1327 spargit
1142 1234 1177 1301 in
1197 1258 1304 1303 auras.

463 1352 634 1423 Exsiluere
652 1355 772 1441 animi3
790 1353 997 1448 dubiumque
1014 1355 1049 1422 in
1067 1379 1238 1425 murmure
1252 1353 1369 1449 uulgus

414 1473 540 1544 Pendet
557 1492 568 1542 :¹
580 1474 675 1543 «Ubi
692 1466 753 1543 iste
770 1472 895 1568 fragor,
916 1474 952 1541 ni
966 1472 1113 1545 fallimur
1131 1474 1230 1545 aurei
1247 1474 1306 1545 sed
1319 1472 1398 1544 unde

413 1592 575 1663 Pulvereo
595 1608 685 1665 stam
699 1609 789 1664 astra
804 1592 924 1690 globo?
942 1620 1023 1664 num
1039 1597 1204 1666 Ismenius
1220 1595 1311 1666 ultro

414 1713 534 1785 Miles?
552 1717 599 1785 ita
615 1730 684 1803 est3
704 1717 867 1785 veniunt:
887 1729 981 1785 tanta
999 1732 1112 1785 autem
1132 1716 1272 1787 audacia
1290 1715 1414 1788 Thebis?

410 1836 466 1943 ¹An
485 1835 659 1906 dubitent?
676 1836 818 1931 agedum
837 1835 972 1907 inferias
991 1853 1025 1908 et
1042 1838 1141 1907 busta
1159 1837 1346 1923 colamus.»

411 1944 412 1949 ἵ
462 1960 540 2027 Haec
559 1960 670 2027 Pavor
686 1958 835 2026 attonitis
851 1984 860 2026 τ
877 1959 1053 2053 variosque
1069 1983 1130 2053 per
1149 1961 1283 2055 agmina
1301 1958 1402 2028 vultus

412 2077 584 2166 Induitur,
602 2103 693 2147 nuuc
711 2080 859 2165 Pisaeise
875 2077 1021 2148 millibus
1039 2105 1142 2171 uuus,

413 2200 513 2269 Nunc
526 2198 660 2295 Pylius,
677 2225 768 2269 nunc
781 2225 840 2270 ore
855 2203 988 2289 Lacon,
1003 2200 1180 2295 hostesque
1197 2204 1393 2297 propinquos

412 2322 570 2417 Adjurat,
586 2329 781 2417 turmasque
794 2338 885 2396 metu
901 2338 1093 2393 consternat
1109 2325 1220 2393 inani:

413 2442 470 2516 Nil
488 2441 607 2514 falsum
624 2443 784 2540 trepidis:
802 2459 841 2516 ut
853 2468 933 2514 vero
949 2445 1134 2515 amentibus
1152 2446 1222 2540 ipse

411 2565 552 2656 Incidit,
571 2581 604 2635 et
617 2591 717 2636 sacrae
738 2568 864 2636 circum
883 2565 1015 2661 fastigia
1034 2564 1129 2635 vallis

411 2689 561 2784 Turbine
580 2701 763 2782 praevectus
781 2686 919 2782 rapido,
943 2702 993 2756 ter
1013 2685 1147 2757 sustulit
1161 2687 1312 2773 hastam,

411 2815 477 2880 Ter
494 2810 662 2878 concussit
681 2832 804 2902 equos,
822 2805 974 2902 clypeum
991 2823 1041 2878 ter
1056 2824 1190 2904 pectore
1211 2807 1350 2903 plausit;

411 2963 429 2999 a
439 2937 557 3024 Arma,
571 2954 679 3018 arma,
698 2930 808 2998 insani
821 2927 859 2997 'za
880 2954 941 2999 sua
954 2932 1110 3025 quisque,
1128 2933 1311 3025 ignotaque
1323 2927 1401 2999 nulla

411 3056 509 3124 More
523 3053 628 3145 rapit,
646 3060 784 3120 mutant
796 3048 924 3146 galeas,
945 3049 1117 3146 alienaque
1135 3067 1262 3146 cogunt

411 3174 463 3246 Ad
479 3175 561 3268 juga
580 3171 794 3268 cornipedes3
812 3171 901 3244 ferus
918 3174 1010 3242 om'ni
1027 3175 1063 3242 in
1080 3188 1215 3268 pectore
1231 3175 1323 3242 saesit

410 3297 531 3365 Mortis
548 3302 653 3382 amor,
673 3293 854 3390 caedisque3
872 3293 956 3364 nibil
975 3295 1193 3390 flagrantibus
1211 3295 1329 3365 obstat.

410 3417 640 3510 Praecipitant,
658 3414 893 3512 redimuntque
909 3440 1019 3516 moras
1035 3418 1106 3486 :sic
1126 3414 1225 3487 litora
1243 3431 1340 3486 vento

410 3538 594 3631 Incipiente
613 3535 776 3626 fremunt,
795 3537 923 3634 fugstur
942 3563 1047 3632 quum
1060 3553 1192 3632 portus,
1210 3539 1330 3632 ubique

410 3656 495 3729 Vela
512 3657 639 3747 lluunt,
658 3656 725 3728 laxi
740 3659 909 3754 jactantur
925 3659 1050 3753 ubique
1066 3657 1242 3749 rudentes3

409 3783 549 3874 Jamque
567 3794 684 3849 natant
703 3781 807 3869 remi,
825 3795 918 3850 natat
934 3782 1043 3850 omnis
1060 3782 1095 3849 in
1114 3806 1247 3875 aequm
1262 3803 1379 3852 summo

410 3905 559 3988 Ancora3
573 3902 644 3994 jam
663 3898 771 3971 dulcis
788 3901 889 3970 medii
905 3901 946 3971 de
963 3903 1095 3998 gurgite
1116 3905 1210 3997 ponti

410 4022 598 4118 Respicitur
617 4020 732 4110 tellus,
752 4025 954 4118 comitesque
971 4049 991 4092 a
1009 4049 1122 4120 puppe
1141 4023 1257 4124 relicti.
