2934 4950
347 519 382 578 36
578 589 587 630 ἱ
707 523 736 577 P.
758 519 881 578 PUBLll
902 518 1025 576 suam
1315 527 1356 576 (v-
1373 527 1436 574 »ml

345 649 602 741 spectatumque
618 645 693 715 urbi
711 644 836 734 scelus,
852 661 886 716 et
902 642 1029 739 puerile
1045 640 1202 711 feretrum

343 766 505 853 Produxi3
522 781 556 836 et
572 766 839 836 saevosdamnati
858 766 964 835 thuris
982 787 1137 851 acervos,
1168 848 1171 852 Δ

343 885 602 980 Plorantemque
621 888 767 957 animam
783 910 884 980 supra
899 909 960 954 sua
975 884 1094 953 funera
1108 881 1177 951 vidi
1195 907 1203 949 :

344 1010 456 1100 Teque
472 1021 606 1102 patrum
624 1009 767 1103 gemitus
783 1020 1009 1101 superantem,
1025 1018 1059 1072 et
1075 1002 1210 1071 brachia
1226 1015 1440 1095 matrum,

346 1127 634 1222 Complexumque
651 1151 769 1222 rogos,
786 1127 963 1221 ignemque
980 1125 1113 1193 haurire
1130 1137 1314 1217 parantem

344 1250 410 1317 Vix
428 1249 520 1316 tenui
535 1246 651 1317 similis
668 1269 795 1331 comes,
813 1245 1004 1338 offendique
1024 1241 1179 1312 tenendo.

344 1371 387 1437 Et
403 1393 494 1436 nunc
512 1367 612 1464 (heu)
629 1369 738 1455 vittis,
755 1378 789 1435 et
806 1365 925 1435 frontis
942 1365 1071 1434 honore
1088 1362 1212 1453 soluto,

345 1487 512 1558 Infaustus
528 1501 633 1576 vates,
650 1513 734 1557 vexo
751 1512 825 1556 mea
842 1500 978 1581 pectora
997 1500 1106 1554 tecum
1125 1511 1133 1555 :

347 1605 474 1703 Plango
491 1606 572 1703 lyra.
590 1605 657 1677 En!
675 1608 751 1677 duri
767 1609 921 1677 comitem
941 1608 1133 1701 sociumque
1149 1604 1278 1676 doloris

346 1729 400 1822 (Si
418 1729 543 1816 merui,
560 1726 733 1822 luctusque
753 1729 802 1796 tui
817 1728 985 1797 consortia
1000 1726 1105 1823 sensi)

346 1851 420 1916 Jam
438 1846 520 1916 lenis
538 1848 664 1942 patiare
682 1872 811 1942 precor.
830 1850 888 1916 Me
904 1845 1043 1916 fulmine
1060 1847 1096 1915 in
1114 1848 1187 1941 ipso

347 1967 517 2037 Audivere
535 1981 670 2061 patres:
692 1991 754 2061 ego
769 1969 864 2060 juxta
881 1966 979 2035 busta
995 1966 1138 2061 profusis

347 2086 528 2174 Matribus,
546 2100 646 2179 atque
664 2087 728 2180 piis
747 2088 852 2154 cecini
870 2084 987 2155 solatia
1004 2088 1109 2173 natis,

346 2211 389 2277 Et
408 2207 513 2293 mihi3
529 2231 633 2300 quum
650 2207 803 2300 proprios
821 2229 987 2300 gemerem
1003 2205 1149 2275 delectus
1166 2204 1209 2273 ad
1225 2206 1345 2300 ignca

348 2327 499 2420 (Quem,
518 2323 685 2420 Natural)
703 2338 843 2420 patrem.
861 2328 933 2396 Nee
949 2339 982 2394 te
998 2323 1111 2419 lugere
1128 2350 1263 2395 severus

349 2449 471 2534 Arceo,
488 2444 547 2515 sed
562 2445 676 2515 eonser
693 2446 847 2541 gemitus,
864 2447 1054 2541 pariterque
1070 2445 1235 2516 fleamus'

396 2565 601 2636 lamdudum
617 2565 736 2661 dignos
753 2565 878 2653 aditus,
895 2564 1098 2660 laudumque
1114 2581 1267 2651 tuarum,

349 2690 381 2757 Ο
399 2687 518 2755 merito
534 2684 653 2755 dilecte
670 2710 764 2780 puer,
782 2686 964 2780 primordia
981 2712 1130 2781 quaerens

348 2806 536 2877 Distrahor.
555 2808 643 2875 Hinc
660 2808 740 2874 anni
757 2819 880 2875 stantes
898 2808 932 2874 in
949 2804 1065 2875 limine
1081 2809 1172 2894 vitae,

348 2928 435 2996 Hinc
452 2951 505 2995 me
521 2926 629 2996 forma
645 2928 750 3020 rapit,
766 2928 854 3020 rapit
870 2925 949 2994 inde
966 2926 1127 2994 modestia
1149 2951 1313 3021 praecox,

348 3051 391 3115 Et
409 3047 529 3140 pudor,
546 3059 580 3114 et
596 3059 711 3114 tenero
726 3044 874 3138 probitas
893 3047 1055 3114 maturior
1069 3070 1149 3115 aevo.

350 3168 381 3234 Ο
402 3165 458 3233 ubi
475 3188 645 3259 purpureo
662 3162 805 3232 suffusus
822 3166 985 3258 sanguine
1000 3165 1137 3252 candor,

349 3284 541 3376 Sidereique
561 3283 677 3369 orbes,
695 3281 887 3376 radiataque
903 3283 1030 3354 lumina
1046 3284 1146 3373 coelo,

348 3408 391 3474 Et
409 3404 574 3497 castigatae
591 3399 729 3472 collecta
746 3402 908 3472 modestia
925 3404 1059 3494 frontis,

350 3524 559 3616 Ingenuique
575 3547 674 3617 super
692 3523 816 3611 crines,
833 3522 1008 3618 mollisque
1023 3525 1150 3595 decorae

349 3644 469 3737 Margo
485 3641 606 3711 coma?
622 3632 754 3713 blandis
770 3644 907 3713 ubinam
923 3669 983 3714 ora
1000 3660 1117 3740 arguta
1136 3644 1310 3740 querelis,

351 3761 540 3856 Osculaque
558 3761 711 3858 impliciti
728 3788 849 3833 vernos
866 3764 1050 3835 redolentia
1065 3765 1182 3852 flores,

349 3886 392 3952 Et
409 3883 519 3951 mixtae
534 3884 602 3952 risu
619 3882 789 3979 lacrymae,
805 3886 1003 3979 penitusque
1019 3884 1183 3979 loquentis

350 4001 492 4095 Hyblaeis
508 4028 572 4072 vox
590 4005 693 4073 tincta
711 4004 812 4076 favis?
828 4007 882 4075 cui
899 4004 993 4073 sibila
1010 4030 1145 4100 serpens

350 4125 508 4210 Poneret,
524 4139 557 4191 et
575 4148 666 4193 saevae
682 4123 804 4194 vellent
821 4127 944 4193 servire
962 4149 1121 4193 novercae.
