2934 4950
76 436 162 497 ἰδι)
386 435 579 492 smmum
600 437 709 494 LIBER
730 433 780 492 m.
1068 455 1108 510 97

75 560 135 625 llas
149 582 213 652 ego
231 573 265 627 te
283 559 376 630 sedes
393 561 494 655 (nam
511 585 572 630 nee
588 563 669 630 mihi
685 561 825 630 barbara
843 561 969 630 Thrace

75 695 139 761 Nec
159 693 264 786 Libye
281 693 392 763 natale
408 692 539 788 solum)
556 695 735 764 transferre
754 673 888 781 labor03

77 828 162 914 Quas
178 841 213 895 et
229 825 340 899 mollis
356 829 483 917 hiems,
502 844 535 897 et
552 827 673 923 frigida
694 844 856 922 temperat
874 843 990 912 aestas3

78 963 164 1048 Quas
181 958 315 1031 imbelle
333 961 453 1030 fretum
473 963 681 1056 torpentibus
700 960 795 1030 alluit
813 962 922 1031 undis.

80 1095 138 1160 Pax
155 1117 272 1160 secura
288 1092 389 1180 locis,
408 1109 441 1162 et
456 1093 577 1163 desidis
594 1098 661 1163 otia
676 1098 787 1180 vitae,.

80 1227 115 1292 Et
130 1250 302 1319 nunquam
319 1227 451 1296 turbata
468 1229 582 1320 quies,
600 1229 773 1321 somnique
788 1232 921 1321 peracti.

81 1355 174 1426 Nulla
190 1359 264 1428 loro
278 1360 406 1446 rabies,
424 1377 482 1429 aut
499 1362 618 1429 striotae
632 1363 744 1455 jurgia
762 1359 848 1454 leges

83 1494 208 1562 Norunt
226 1521 234 1560 :
251 1495 328 1588 jura
345 1495 426 1562 viris
444 1492 571 1581 solum,
590 1509 623 1562 et
642 1497 712 1563 sine
729 1495 894 1583 fascibus,
910 1521 1051 1589 aequum.

126 1627 217 1716 Quid
234 1652 324 1695 nunc
340 1627 532 1722 magnificas
553 1630 695 1721 species,
715 1627 890 1722 cultusque
910 1628 1080 1714 locorum,

32 1850 33 1853 Ἴ
86 1759 295 1855 Templaquc,
313 1777 347 1830 et
365 1762 547 1830 innumeris
564 1764 668 1857 spatia
687 1764 889 1832 interstincta
908 1761 1089 1848 columnis3

88 1897 121 1961 Et
136 1896 300 1988 geminam
318 1893 439 1963 molem
457 1895 539 1964 nudi
561 1897 704 1990 tectique
721 1897 859 1983 theatri,

89 2031 121 2095 Et
136 2026 330 2122 Capitolinis
344 2029 582 2123 Quinquennia
598 2031 748 2124 proxima
769 2027 898 2112 lustris3

89 2162 167 2250 Quid
184 2161 316 2231 laudem
334 2164 439 2247 risus,
457 2161 707 2258 libertatemque
727 2164 922 2252 Menandri,

91 2295 185 2382 Quam
202 2293 371 2365 Romanus
388 2296 492 2364 honos
510 2311 544 2364 et
561 2297 664 2365 Graia
682 2295 813 2366 licentia
833 2299 994 2368 miscent?

97 2433 154 2500 llee
167 2431 282 2502 desunt
299 2431 398 2500 variae
414 2433 540 2499 circum
559 2428 779 2501 oblectamina
797 2434 873 2500 vitae
892 2393 920 2500 τ’

44 2631 49 2640 ,
94 2564 154 2633 Sive
170 2564 391 2660 vaporiferas,
411 2562 622 2634 blandissima
640 2563 755 2650 litore,
773 2569 889 2647 Baias,

32 2783 33 2816 1
93 2700 206 2769 lintheo
223 2699 363 2768 fatidieae
382 2722 438 2795 seu
456 2700 561 2769 visere
579 2714 664 2768 tecta
682 2698 814 2794 Sibyllae

32 2819 40 2877 i
94 2833 186 2903 Dulce
204 2837 265 2921 sit,
284 2832 450 2927 Iliacoque
465 2836 583 2928 jugum
603 2834 817 2903 memorabile
836 2859 947 2919 remo;

32 2964 33 2990 ¹
95 2966 148 3036 Seu
160 2968 216 3037 tibi
232 2968 372 3038 Bacchei
391 2968 499 3037 vineta
516 2966 683 3036 madentia
699 2969 805 3037 Gauri

96 3100 323 3196 Teleboumque
342 3099 477 3189 domos,
496 3100 632 3195 trepidis
651 3100 709 3171 ubi
728 3098 838 3171 dulcia
857 3101 964 3169 nautis

96 3235 220 3306 Lumina
237 3236 420 3329 noctivagae
437 3232 524 3303 tollit
540 3234 668 3304 Pharus
685 3233 804 3304 aemula
822 3233 926 3322 lunae3
946 3303 948 3306 .

95 3366 229 3463 Curaque
246 3391 316 3437 non
335 3365 397 3435 soli
412 3368 493 3461 juga
510 3366 708 3461 Surrentina
725 3369 843 3461 Lyaeo,

95 3500 166 3588 Qua
180 3526 274 3570 meus
292 3479 467 3570 ante⁶alios
484 3500 648 3568 habitator
666 3498 791 3569 Pollius
810 3513 926 3595 auget;
964 3514 968 3523 “

96 3634 284 3729 &anaeque
302 3634 392 3704 lacus
410 3633 575 3721 medicos,
594 3634 802 3728 Statinasque
820 3648 958 3704 renatas.

136 3767 223 3839 Mille
240 3768 301 3837 tibi
319 3782 440 3837 nostrae
457 3768 599 3837 reseram
616 3766 743 3836 telluris
763 3791 890 3836 amores
907 3794 915 3834 :

98 3902 154 3970 Sed
167 3906 240 3974 satis
256 3905 341 3992 hoo,
358 3905 501 3998 conjux,
521 3904 597 3973 satis
613 3904 679 3971 hoc
697 3901 839 3989 dixisse,
856 3902 978 3973 creavit

32 4054 35 4059 ·
99 4035 147 4104 hle
163 4038 237 4127 tibi,
252 4064 305 4108 me
324 4038 449 4108 socium
467 4036 583 4133 longos
602 4036 776 4106 adstrinxit
794 4038 830 4105 in
848 4061 951 4106 aranos
969 4063 976 4103 ε

228 4185 248 4228 ¹·
936 4174 956 4249 7
