2934 4950
365 387 401 443 38
723 387 752 441 P.
772 384 894 441 PUBLII
915 385 1036 440 sra‘ru
1339 394 1383 447 (v-
1395 389 1451 440 *οὔ

364 515 462 580 Astra
476 508 673 578 salutantem
693 508 847 578 dominus
867 509 929 579 sibi
945 520 1056 577 mente
1075 506 1212 594 dicavit,

364 628 610 725 Amplexusque
625 631 700 700 sinu
719 629 814 717 tulit,
833 644 866 699 et
882 631 1034 725 genuisse
1050 628 1188 722 putavit.

413 754 475 818 Fas
491 750 572 818 mihi
591 764 782 819 sanctorum
797 752 895 818 venia
911 749 1032 818 dixisse
1049 760 1245 843 parentum,

365 873 498 964 Tuque,
515 894 591 959 oro,
606 871 751 959 Natura,
767 872 869 959 sinas,
885 872 939 940 cui
958 869 1066 964 prima
1086 894 1147 963 per
1162 868 1278 937 orbem

364 993 383 1058 J
385 1015 445 1058 ura
461 991 580 1060 animis
596 993 721 1062 sociare
740 992 854 1060 datum
870 1018 879 1059 ε
899 1015 968 1061 non
984 991 1097 1059 omnia
1114 988 1247 1084 sanguis

364 1111 553 1200 Proximus,
571 1125 628 1179 aut
643 1112 727 1180 serie
745 1113 874 1206 generis
890 1111 1032 1181 demissa
1049 1134 1197 1205 propago

365 1228 491 1325 Alligat
509 1257 517 1299 ε
537 1232 675 1300 interius
695 1255 783 1300 nova
800 1257 898 1326 saepe,
915 1231 1081 1325 ascitaque
1096 1242 1235 1323 serpunt

366 1352 510 1445 Pignora
525 1353 692 1421 connexis.
709 1354 816 1423 Natos
831 1354 982 1446 genuisse
997 1374 1128 1420 necesse
1143 1361 1208 1435 est,

366 1473 413 1538 At
429 1468 546 1565 legisse
560 1465 664 1566 juvat.
682 1475 812 1540 Tenero
828 1473 875 1539 sic
892 1470 1034 1540 blandus
1051 1467 1175 1539 Achilli

366 1590 505 1658 Semifer
520 1593 710 1660 AEmonium
727 1591 880 1660 vincebat
897 1589 996 1659 Pelea
1012 1591 1150 1660 Chiron.

365 1709 436 1778 Nec
454 1712 583 1805 genitor
598 1709 715 1781 Peleus
731 1725 847 1780 natum
862 1711 1038 1780 comitatus
1052 1711 1089 1777 in
1106 1733 1199 1776 arum

366 1830 497 1916 Troica,
515 1829 572 1898 sed
589 1855 667 1900 caro
683 1831 821 1900 Phoenix
836 1830 982 1900 haerebat
998 1827 1145 1898 alumno.

367 1948 515 2041 Optabat
531 1948 630 2045 longe
646 1949 772 2020 reditus
789 1948 948 2020 Pallantis
963 1964 1100 2019 ovantes

366 2067 531 2158 Evander,
549 2069 634 2140 fidus
651 2096 781 2165 pugnas
798 2072 968 2165 spectabat
985 2074 1125 2140 Acoetes.

367 2167 549 2282 Quumque
566 2190 682 2284 procul
700 2191 815 2260 nitidis
834 2194 965 2286 genitor
982 2205 1122 2261 cessaret
1137 2190 1179 2258 ab
1196 2189 1294 2259 astris
1300 2179 1321 2276 ‚i

366 2305 578 2404 Fluctivagus
593 2309 765 2380 volucrem
781 2313 933 2381 comebat
949 2316 1067 2382 Persea
1083 2312 1209 2404 Dictys.

415 2428 508 2519 Quid
528 2429 667 2501 reseram
685 2430 839 2501 altricum
857 2433 961 2502 victos
977 2433 1099 2526 pietate
1115 2428 1288 2526 parentes?

367 2549 460 2639 Quid
479 2563 511 2618 te
529 2564 606 2644 post
623 2552 765 2641 cineres,
783 2553 984 2648 deceptaque
1002 2550 1140 2621 fulmina
1156 2550 1285 2636 matris,

367 2671 485 2739 Tutius
501 2674 586 2740 Inoo
602 2687 787 2766 reptantem
804 2688 953 2767 pectore,
971 2670 1118 2742 Bacche?

367 2794 440 2859 Jarn
457 2816 573 2861 secura
591 2816 711 2887 parens
726 2793 865 2862 Thuscis
882 2794 1041 2887 regnabat
1057 2795 1091 2861 in
1108 2789 1207 2859 undis

367 2911 444 3000 Ilia,
462 2926 650 3006 portantem
669 2911 811 2982 lassabat
828 2911 991 2982 Romulus
1009 2916 1142 2983 Accam.

368 3032 447 3100 Vidi
463 3056 525 3127 ego
543 3046 724 3101 transertos
740 3031 850 3100 aliena
865 3034 900 3101 in
917 3032 1039 3101 robora
1054 3058 1179 3121 ramos,

369 3148 478 3221 Altius
495 3152 544 3220 ire
560 3152 636 3221 suis.
654 3156 697 3221 Et
716 3153 832 3245 tejam
849 3152 970 3222 fecerat
988 3151 1037 3221 illi

369 3274 480 3361 Mens,
498 3273 692 3367 animusque
712 3286 856 3367 patrem;
874 3273 1017 3344 necdum
1035 3299 1200 3361 moresve,
1217 3274 1368 3345 docorve
1388 3304 1397 3344 :

369 3397 420 3463 Tu
439 3407 550 3462 tamen
566 3406 599 3462 et
615 3406 721 3463 motas
736 3395 837 3464 etiam
855 3408 927 3463 tuan
943 3397 979 3464 in
996 3419 1169 3464 murmura
1185 3417 1298 3480 voces,

370 3512 596 3608 vagitumque
612 3513 747 3601 rudem‚
764 3514 927 3609 fletusque
943 3516 1078 3585 infantis
1094 3514 1236 3584 amabas.

370 3632 451 3722 llle,
468 3631 560 3704 velut
575 3635 708 3731 primos·
717 3637 943 3730 exspiraturus
959 3635 1002 3707 ad
1018 3640 1158 3707 Austros

370 3754 527 3827 Mollibus
546 3758 581 3825 in
597 3758 701 3851 pratis
717 3756 783 3826 alte
798 3756 1048 3852 flos'improbus
1065 3772 1185 3844 exstat;

371 3877 425 3947 Sic
441 3892 536 3948 tener
551 3870 629 3947 ante
644 3876 749 3968 diem,
767 3876 878 3968 vultu,
899 3903 1078 3975 gressuque
1095 3878 1252 3973 superbo,

371 3997 506 4068 Vicerat
520 3995 677 4092 aequales3
694 3998 903 4093 multumque
919 3998 1100 4093 reliquerat
1116 4024 1229 4068 annos.
