2934 4950
305 423 347 479 IN
366 423 397 476 P.
418 423 449 476 P.
470 421 597 481 stult
618 422 712 480 sav.
733 423 803 486 Lm.
825 423 858 476 V.
1045 426 1101 482 285

104 544 209 600 breno
222 559 359 617 quanam
375 540 449 594 bom
461 551 591 614 tempora
606 539 679 594 bello
692 535 731 615 (r.
754 536 811 615 39).
827 540 849 594 1.
864 557 888 595 e.
906 551 1023 614 aperto,
1033 561 1101 617 opp.
1189 525 1191 535 ¹

69 633 227 688 qudtbus.
247 633 283 689 V.
303 633 420 693 Μωυ-
435 633 532 707 Vulgo
546 643 645 687 exorto
650 651 663 698 ;
676 629 726 686 sed
746 629 818 687 illud
837 628 920 688 tucite
940 635 1068 690 Gronov.

105 740 238 795 uma
251 738 480 794 oederentAnua
492 731 532 814 (v.
550 731 607 814 ld).
621 736 686 792 Hoc
693 733 836 791 Domitius
849 735 972 792 restituit
986 755 1002 792 e
1017 737 1103 794 codd.

67 843 92 887 et
114 830 175 888 edd.
196 839 268 886 vett.
288 829 412 886 lectione
429 838 590 884 monstrosa
609 830 716 884 vestita
736 831 816 896 νὶἅ.,·
838 829 888 886 sed
906 839 1013 904 quanta
1036 830 1103 887 inde

66 925 231 998 proveniant
242 921 442 993 incommoda,
461 923 568 996 optimc
582 921 619 977 ud
633 922 662 977 h.
681 924 700 978 l.
715 923 848 997 exposuit
860 923 962 980 Marii.
985 935 1014 980 et
1030 927 1101 980 Ler-

68 1037 128 1072 uoeo
146 1019 207 1093 ipse
231 1015 405 1090 conjecit‚i.
430 1035 454 1073 e.
478 1016 593 1092 sagittas
613 1016 719 1071 lernau
738 1016 836 1091 hydrus
857 1035 968 1073 veneno
993 1016 1103 1074 tinctas.

66 1111 140 1166 Idem
151 1128 223 1166 vero
231 1109 263 1164 in
275 1119 346 1165 nota
360 1107 398 1164 ad
410 1127 469 1184 seq.
487 1127 515 1166 v.
533 1107 657 1165 ostendit
670 1108 820 1182 quomodo
834 1108 881 1164 illa
895 1109 926 1165 in
938 1109 1105 1181 hujusmodi

66 1203 152 1276 poetis
164 1201 235 1259 ferri
247 1201 359 1276 possint
373 1219 381 1256 ε
393 1201 531 1256 «solitum
547 1201 623 1256 enim
638 1199 672 1256 iis
686 1219 825 1257 arcessere
846 1202 971 1275 epitheta
990 1219 1105 1258 acuusa

66 1294 226 1366 remotiori3
239 1294 344 1352 deiude
363 1295 405 1350 itu
416 1293 548 1350 arcessita
563 1295 727 1350 interventu
734 1295 822 1350 medii
840 1295 959 1368 alicuius
978 1296 1104 1368 conjun-

66 1407 127 1464 gere
150 1408 218 1446 cum
238 1407 272 1446 re
291 1387 328 1445 dc
351 1407 410 1463 qna
430 1389 599 1462 loquuntur,
619 1387 702 1463 quasi
718 1389 851 1462 proxima
865 1401 894 1445 et
912 1389 1046 1460 nativa„
1071 1402 1104 1446 nt

67 1482 211 1538 Naneoeus
229 1493 260 1538 et
274 1481 437 1549 Cleonaeus,
453 1480 534 1555 quod
546 1491 701 1555 utrumque
717 1481 754 1538 ad
767 1483 879 1538 leonem
896 1501 1105 1550 nemeaenrnre-

66 1573 158 1646 fertur,
176 1575 238 1648 jam
252 1574 288 1630 sit
307 1573 472 1648 sinpliciter
488 1591 544 1648 pro
565 1566 719 1629 Herculeus
732 1593 742 1628 :
755 1593 822 1630 nam
836 1591 930 1649 neque
946 1575 1033 1630 armti
1048 1593 1103 1630 ne—

67 1687 120 1742 que
145 1669 269 1724 arcubus
294 1687 363 1725 usus
387 1666 481 1723 fuerat
507 1664 545 1722 ad
569 1665 805 1741 strangulandum
829 1667 950 1724 leonem.
970 1671 1014 1724 Ac
1038 1685 1105 1724 sane

66 1761 124 1817 cod
141 1760 284 1837 menig„
298 1778 465 1835 quanquam
479 1760 571 1828 solus,
583 1760 693 1833 praebet
710 1761 839 1816 Nemeae.

99 1870 285 1943 fructumque
300 1867 431 1942 euspriut
450 1866 479 1920 in
496 1864 611 1920 mubras
630 1865 669 1944 (v.
690 1863 748 1945 70)·
769 1867 872 1924 «Dicit
885 1867 1002 1939 Statius,
1018 1867 1106 1923 arbo-

66 1979 117 2032 res,
129 1960 186 2017 nisi
196 1958 313 2015 luxuria
327 1976 426 2014 earum
439 1967 636 2031 compescam
648 1957 736 2028 falce,
747 1977 803 2034 pro
807 1960 908 2031 fructu
927 1959 999 2016 nihil
1016 1959 1104 2016 datu-

66 2071 107 2110 ras
121 2071 180 2110 esse
192 2051 249 2107 nisi
261 2049 378 2107 frondes
391 2059 420 2106 et
432 2049 554 2105 unsbms.
562 2073 575 2100 ι
587 2052 706 2107 Munus.

101 2159 255 2232 Pietasque
260 2174 320 2230 per
333 2173 431 2211 omnes
443 2151 483 2232 (r.
506 2159 543 2225 74
556 2151 643 2234 sqq).
658 2158 703 2213 Itu
716 2157 844 2214 distinxit
858 2157 1029 2234 egregieque
1039 2157 1106 2214 illu-

67 2249 158 2306 strarit
175 2251 256 2305 hunc
276 2249 374 2304 locum
392 2245 570 2316 Gronovius,
583 2265 613 2321 p.
634 2247 691 2304 322
710 2268 774 2325 sqq.
795 2269 829 2304 :a
850 2251 956 2307 Omnes
972 2267 1106 2306 numeros

67 2341 189 2415 pietatis,
216 2341 368 2415 Cuspius,
388 2338 560 2413 implevisti3
586 2350 677 2414 prout
702 2343 788 2398 unius
810 2341 950 2416 cujusque
981 2359 1105 2415 persona

67 2436 193 2512 ordoque
208 2433 391 2509 requirebat,
405 2451 474 2509 erga
490 2433 571 2490 illum
585 2444 726 2510 grassatus
742 2453 779 2491 es.
795 2435 841 2492 Sic
858 2435 974 2491 fratrem
988 2433 1105 2509 quidem

67 2548 216 2604 equarum
231 2527 437 2601 anteponebus;
455 2536 566 2600 putrem
579 2526 774 2598 venerabaris3
791 2527 898 2583 infelici
911 2537 1007 2583 autem
1020 2526 1104 2581 matri

66 2621 235 2697 ignoscebas.
254 2620 309 2678 Ilei
329 2620 415 2675 mibi!
428 2619 476 2675 hic
495 2619 585 2677 satum
604 2620 708 2676 domus
729 2630 828 2675 vestrae
845 2620 942 2676 matris
960 2620 1105 2675 mentione

66 2714 132 2772 facta
152 2714 282 2772 animum
306 2732 402 2768 meum
427 2713 536 2769 ulcerat
561 2724 591 2769 et
611 2710 716 2787 pungit
735 2731 743 2765 :
764 2711 854 2767 tibine
877 2711 924 2767 illa
948 2723 1105 2785 temperare

66 2828 145 2865 mann
157 2827 211 2865 sua
223 2824 367 2863 venenum
381 2803 533 2862 sustinuit?
551 2816 605 2862 etc.
619 2807 664 2861 Ita
675 2805 799 2879 abrupta
812 2816 840 2860 et
849 2805 963 2879 praecisa
975 2804 1022 2859 hic
1036 2823 1104 2860 ora-

67 2902 118 2974 tio,
133 2912 167 2959 nt
184 2918 317 2977 mugnam
329 2893 575 2975 perturbationem
592 2896 697 2974 figuret
713 2898 765 2953 :in
779 2916 837 2973 qua
854 2897 1039 2971 exprimenda
1056 2897 1103 2953 di-

67 2994 141 3051 vinus
159 2996 247 3069 plane
261 2992 368 3049 Statius
383 3002 491 3049 noster.
506 2993 667 3049 Admonere
679 3010 741 3049 non
753 2991 877 3065 protrita
897 2990 1016 3047 notione
1030 2990 1103 3047 dici-

67 3098 110 3141 tur
122 3085 264 3163 quicquid
277 3085 376 3161 aliquo
395 3103 462 3141 cum
477 3084 577 3142 aculeo
597 3086 716 3159 teloque
734 3084 765 3139 in
781 3083 948 3140 memoriam
964 3083 1053 3155 redit,
1073 3094 1106 3139 ut

69 3180 190 3236 lustinus
206 3199 214 3234 ι
229 3177 324 3249 Ηιςίω
341 3178 443 3234 vit-teste
457 3196 543 3253 quum
555 3177 654 3232 civitas
669 3178 807 3235 libertatis
822 3178 1026 3233 admoneretur,
1036 3199 1051 3227 n
1070 3176 1106 3231 Et

70 3272 118 3328 alia
132 3272 262 3346 exempla
280 3268 422 3345 exquisita
440 3269 537 3342 addit,
550 3280 633 3326 aucta
648 3271 686 3326 a'b
704 3270 785 3344 ipso,
798 3288 827 3345 p.
847 3268 920 3341 415,
934 3278 963 3324 et
974 3267 1105 3325 u‘Markl.

103 3380 275 3434 flectentem
285 3374 372 3447 jusu’s
385 3373 423 3451 (v.
444 3374 503 3453 83).
518 3376 555 3431 Id
570 3385 627 3446 est,
643 3376 802 3450 explicante
819 3372 1005 3444 blarllaudo,
1023 3372 1106 3445 justis

70 3480 95 3523 et
108 3470 284 3527 solemnibus
301 3466 450 3525 funeribus
471 3486 534 3525 cum
559 3465 688 3538 flectere,
711 3467 742 3524 iu
760 3479 839 3524 tuum
859 3465 977 3543 gratiam
996 3476 1106 3521 vertere

70 3562 230 3619 studentem.

104 3667 232 3723 latram
249 3666 329 3721 Jub'a
349 3662 389 3744 (v.
406 3662 482 3744 ron).
502 3668 563 3722 Lex
576 3664 654 3721 Julia
670 3664 707 3721 de
725 3660 880 3721 adulteriis·
894 3659 986 3717 Codd.
1006 3659 1105 3714 uibra-

72 3771 119 3828 ret,
133 3760 215 3836 quod
226 3759 334 3833 injuria
346 3758 468 3815 mutarit
481 3758 583 3817 unat
592 3799 602 3829 ‚
612 3768 690 3818 recte
707 3756 855 3830 judicante
869 3750 1049 3810 Wakefieldo
1069 3752 1107 3807 ad

47 3893 55 3903 .
70 3854 192 3927 lucret,
203 3874 238 3926 v,
259 3854 345 3928 1329,
359 3872 450 3929 quum
465 3854 514 3924 sit,
528 3851 643 3908 vibrare
656 3860 788 3927 pararet,
802 3848 839 3905 de
854 3856 966 3903 conatu.

106 3959 196 4014 Medii
207 3959 318 4014 bellare
332 3970 433 4034 togata
448 3960 528 4015 Pace
536 3955 602 4030 fori
614 3953 859 4033 (v.108).Vocab·
868 3970 961 4027 pace,
976 3948 1123 4006 arturus

72 4050 240 4124 protectum,
262 4051 387 4108 debilem
410 4050 507 4107 reddit
530 4049 703 4107 senteutiam.
730 4046 824 4104 Codd.
851 4056 879 4101 et
906 4044 972 4101 edd.
997 4054 1073 4099 recte
1098 4060 1105 4095 :
