2934 4950
367 419 400 474 ιδ
677 413 898 472 manuos
922 409 1036 468 LIBER
1060 410 1132 464 1v..
1301 407 1400 470 (utu-l

363 549 466 614 Terra
484 543 600 630 sacris,
620 540 795 634 multoque
813 538 946 634 placent
964 536 1034 607 sola
1051 537 1189 633 pinguia
1207 535 1302 632 tabo)

363 662 506 736 Velleris
525 663 660 732 obscuri
678 661 822 756 pecudes
842 675 1060 753 armentaque
1081 659 1152 727 sisti

364 793 449 858 Atra
468 799 603 854 monet:
622 807 832 877 quaecunque
848 807 987 878 gregum
1006 779 1236 876 pulcherrima
1255 785 1361 850 cervix

325 970 332 976 .
364 907 512 978 Ducitur
531 933 539 974 ε
558 906 723 1001 ingemuit
743 905 864 990 Dirce,
886 915 1090 996 moestusque
1110 902 1299 984 Cithaeron,

366 1036 408 1102 Et
425 1055 513 1099 nova
528 1027 682 1098 clamosae
699 1040 859 1120 stupuere
874 1024 1006 1096 silentia
1022 1021 1132 1094 valles.

414 1155 504 1221 Tum
522 1149 592 1218 fera
610 1145 764 1218 ooeruleis
782 1146 902 1216 intexit
916 1169 1043 1215 cornua
1057 1145 1154 1214 sertis

365 1275 442 1367 lpse
459 1295 562 1340 manu
584 1283 751 1357 tractans,
768 1282 922 1361 notaeque
939 1267 974 1335 in
992 1264 1106 1335 limine
1123 1264 1213 1334 silvae

366 1393 537 1487 Principio
555 1389 668 1486 largos
686 1390 803 1458 novies
823 1386 943 1458 tellure
960 1402 1076 1459 casata

367 1513 511 1586 inclinat
532 1512 654 1584 Bacchi
671 1509 800 1599 latices,
819 1524 852 1578 et
873 1534 1012 1579 munera
1032 1511 1125 1578 verni
1156 1567 1158 1572 .

367 1637 497 1723 Iactis,
516 1649 550 1704 et
565 1637 694 1706 Actaeos
716 1631 861 1720 imbres,
882 1631 1091 1725 suadumque
1108 1656 1264 1702 cruorem

367 1757 526 1828 Manibus
545 1782 553 1824 :
572 1755 760 1850 aggeritur,
782 1768 948 1848 quantum
968 1754 1054 1822 bibit
1074 1753 1166 1824 arida
1188 1752 1294 1824 tellus.
1353 1809 1357 1818 .

417 1883 551 1949 Trunca
570 1876 692 1946 debinc
702 1900 840 1944 nemora
859 1873 1024 1964 advolvit,
1045 1890 1250 1970 moestusque
1264 1875 1398 1946 sacerdos

369 2003 452 2070 Tres
470 2001 623 2085 Hecatae,
643 1995 850 2089 totidemque
869 1997 949 2065 satis
968 1997 1157 2066 Acheronte
1178 1997 1303 2067 nefasto

375 2119 567 2215 Virginibus
580 2117 765 2212 jubet-esse
783 2117 875 2186 focos
893 2143 901 2185 ε
923 2118 1000 2208 tibi,
1016 2134 1128 2189 rector
1143 2120 1290 2208 Averni,

372 2244 574 2334 Quanquam
585 2237 729 2308 infossus
745 2239 866 2328 humo,
882 2255 1019 2335 superat
1035 2257 1145 2310 tamen
1158 2267 1261 2338 agger
1276 2243 1398 2311 inauras

372 2364 495 2432 Pincus
516 2386 524 2429 ε
544 2359 636 2430 hunc
653 2361 749 2455 juxta
765 2359 902 2431 cumulo
920 2363 1031 2432 minor
1047 2387 1105 2433 ara
1120 2363 1294 2461 profundae

372 2485 526 2579 Erigitur
543 2484 680 2554 Cereri:
699 2482 853 2573 bordes,
873 2499 975 2578 atque
991 2510 1091 2557 omne
1108 2510 1283 2583 cupressus

372 2606 497 2675 Interit
515 2602 646 2699 plorata
666 2602 764 2673 latus.
782 2608 923 2701 Jamque
942 2607 1045 2677 ardua
1058 2607 1152 2679 ferro

373 2727 502 2822 Signati
523 2724 633 2821 capita
649 2739 685 2794 et
701 2725 838 2821 frugum
852 2724 1012 2798 libamine
1030 2754 1128 2823 puro¹

373 2847 415 2917 ln
435 2844 557 2916 vulnus
574 2845 723 2916 cecidere
742 2872 880 2943 greges:
899 2864 981 2919 tunc
999 2849 1126 2921 innuba
1142 2855 1260 2923 Manto

374 2972 560 3062 Exceptum
578 2969 700 3062 pateris
720 2966 873 3063 praelibat
889 2972 1105 3065 sanguinem,
1124 2987 1158 3041 et
1178 2999 1293 3045 omnes

374 3092 441 3159 Ter
456 3090 584 3158 circum
605 3103 678 3157 acta
695 3113 813 3184 pyras,
835 3092 939 3159 sancti
957 3091 999 3161 de
1014 3116 1106 3163 more
1123 3096 1285 3187 parentis,

375 3212 562 3279 Semineces
578 3208 679 3279 fibras
696 3224 730 3280 et
749 3209 857 3279 adbuc
876 3212 1037 3305 spirantia
1053 3214 1164 3285 reddit

376 3330 538 3399 Viscera:
556 3354 617 3398 nec
635 3328 768 3425 rapidas
786 3346 965 3402 cunctatur
978 3333 1152 3406 frondibus
1168 3340 1250 3409 atris

378 3450 568 3544 subjectare
585 3448 696 3517 faces:
714 3464 816 3544 atque
827 3453 895 3545 ipse
913 3456 1066 3524 sonantia
1081 3456 1225 3529 flammis

376 3567 535 3664 Virgulta
553 3583 587 3638 et
607 3569 718 3639 tristes
737 3574 903 3665 crepuisse
924 3589 962 3643 ut
979 3578 1080 3645 sensit
1099 3602 1235 3650 acervos

376 3690 517 3761 Tiresias
537 3688 600 3786 (illi
619 3714 698 3759 nam
717 3689 881 3785 plurimus
898 3694 1000 3765 ardor
1017 3697 1152 3768 anhelat

376 3815 464 3880 Ante
483 3834 597 3905 genas,
619 3808 800 3905 impletque
815 3838 912 3883 cavos
931 3841 1037 3911 vapor
1053 3820 1168 3915 igneus
1186 3824 1298 3917 orbes)

376 3930 569 4011 Exclamat:
583 3930 764 4024 (tremuere
782 3934 873 4028 rogi,
891 3951 926 4004 et
942 3961 1007 4007 vox
1030 3939 1163 4034 impulit
1178 3945 1287 4039 ignem
1301 3944 1329 4038 :)

425 4054 612 4121 «Tartareae
630 4051 743 4140 sedes,
764 4067 798 4123 et
815 4054 1024 4129 formidabile
1044 4085 1186 4156 regnum
