2934 4950
301 403 358 462 230
609 398 824 454 mannos
844 397 957 453 UBER
977 395 1032 454 11:
1231 399 1267 460 (v.
1286 401 1359 464 7⁴⁵.)

300 535 345 601 Et
363 530 390 598 si
408 527 566 596 demissas
586 524 699 594 veniat
716 523 866 618 mugitus
883 521 927 592 ad
945 546 1060 609 aures,

301 652 460 746 En'gitur,
479 647 696 740 meminitque
715 646 784 736 sui,
804 647 958 738 uiresque
972 659 1123 743 peractae

300 771 464 868 Ingemit,
488 782 522 840 et
542 770 669 863 campis
685 765 769 838 aliua
787 791 927 863 regnare
946 765 1067 838 leouea.

351 891 514 962 Flectitur
528 890 647 979 affatu,
666 889 723 960 aed
741 913 811 959 nou
827 903 939 959 umen
952 889 1065 960 omnia
1080 905 1194 967 rector

303 1011 471 1110 Supplicia
487 1009 639 1106 indulget
656 1008 828 1104 lacrymis,
846 1026 1044 1106 partuque
1061 1013 1182 1084 recidit

303 1135 466 1208 Muneris.
486 1131 629 1222 «Haud,
647 1133 773 1227 inquit,
792 1132 910 1226 patriis
929 1133 1157 1228 pmhibebere
1170 1134 1272 1232 longe

304 1257 618 1343 Finibua,.0oeursu
636 1253 717 1324 dum
734 1278 804 1324 uuu
824 1255 881 1349 pia
895 1253 1021 1350 templa
1037 1255 1225 1351 domosque

305 1373 555 1464 commacules,
575 1373 721 1444 habeant
735 1388 769 1443 te
786 1371 909 1464 lustra,
926 1389 1071 1470 tuusque
1088 1378 1261 1448 Citheron
1282 1405 1292 1446 :

305 1503 417 1594 Atque
435 1499 507 1570 huic
525 1521 601 1568 eece
619 1499 688 1570 tuis
707 1495 806 1567 tellus
825 1496 1019 1568 habitabilis
1034 1500 1186 1586 umbris,

306 1623 385 1712 Qua
406 1617 549 1707 bellum,
568 1619 778 1715 geminaeque
791 1618 910 1711 jacent
927 1621 962 1689 iu
981 1621 1145 1715 sanguiue
1164 1637 1292 1718 gentem
1303 1652 1320 1687 n

356 1743 411 1814 Sic
429 1742 492 1830 ait,
509 1755 543 1811 et
564 1739 644 1810 ficto
661 1740 823 1810 uomitum
842 1738 1001 1834 uulgique
1018 1743 1186 1835 gamantia

308 1865 474 1951 Assensu,
494 1857 597 1930 limen
617 1859 767 1932 tumidus
784 1859 897 1956 vegula
912 1861 1059 1956 petebat.
1107 1859 1116 1870 ’

357 1986 490 2052 Interea
505 1978 594 2076 pulsi
616 1978 742 2050 vallum
760 1980 894 2054 exitiale
909 1980 1039 2078 Pelasgi

308 2105 506 2176 Destituunt
525 2101 617 2174 furto
636 2128 644 2170 :
665 2099 749 2174 nulli
766 2127 827 2173 sua
842 2106 953 2199 sigua,
970 2129 1119 2200 suuaque

264 2272 266 2283 ·
309 2229 439 2296 Ductor
461 2250 470 2292 ι
489 2237 570 2294 eunt
589 2225 681 2294 taciti
697 2226 837 2319 passim,
854 2239 888 2294 et
905 2249 969 2320 pro
982 2225 1103 2296 sunere
1121 2225 1266 2322 pulchro

310 2345 519 2418 Dedecorem
540 2341 686 2439 amplexi
709 2345 812 2417 vitam
833 2343 1028 2442 aedituaque
1044 2348 1230 2442 pudendae

310 2471 387 2541 Nox
406 2467 514 2557 lavet,
530 2481 564 2541 et
580 2481 674 2563 grata
696 2465 860 2563 profugos
882 2465 1096 2565 amplectitur
1111 2474 1241 2543 umbra.
1328 2490 1333 2497 ·
