2934 4950
361 393 417 448 268
661 392 916 450 ncultmnos
937 393 1054 450 LIBER
1068 395 1092 450 1.
1295 399 1397 462 ('·²⁶¹l·
1441 458 1442 461 ,

359 487 467 589 Pensa
487 542 610 606 manu,
629 517 812 613 mollesque
832 518 910 590 tulit
929 522 1126 616 Tirynthius
1143 522 1279 611 hustas3

362 641 397 710 Si
414 637 508 708 decet
527 653 645 708 aurata
662 639 833 718 Bacchum
850 643 990 736 vestigia
1008 639 1099 737 palla

358 764 517 848 Verrere,
533 761 702 855 virgineos
718 762 746 830 si
761 763 916 857 luppiter
935 761 1174 855 indultartus,

359 883 431 951 Nec
451 906 610 977 magnum
622 880 776 978 ,ambigui
795 880 970 978 fregerunt
983 886 1111 956 Caenea-
1121 912 1242 976 sexus3

323 977 327 986 ⁵
360 1007 427 1073 Has
444 1006 532 1093 sine,
552 1028 683 1098 quaeso,
704 1004 811 1073 minas
827 1021 1020 1101 numenque
1038 1009 1131 1079 exire
1148 1009 1350 1107 malignum.

360 1128 442 1196 Mox
463 1128 586 1197 iterum
605 1151 757 1221 campos,
775 1128 898 1197 iterum
918 1130 1120 1200 Centaurica
1135 1131 1277 1202 reddam
1441 1122 1442 1217 l

359 1228 480 1323 Lustra
499 1253 560 1322 tibi
580 1280 588 1322 :
610 1278 669 1347 per
687 1241 753 1349 ego
767 1253 833 1323 hoc
850 1253 967 1344 decus,
988 1271 1023 1326 et
1041 1273 1183 1328 ventura
1198 1261 1349 1354 iuventa

360 1373 508 1465 Gaudio,
529 1376 556 1445 si
575 1389 700 1464 terras,
722 1374 951 1470 humilemque
968 1373 1107 1474 experta
1126 1382 1289 1451 maritum

358 1500 407 1567 Te
421 1511 572 1594 propter,
591 1499 618 1566 si
640 1498 855 1593 progenitum
874 1499 996 1594 Stygos
1014 1500 1114 1570 amne
1131 1527 1248 1574 severo

356 1620 494 1690 Armavi
516 1619 529 1710 (
544 1633 719 1713 totumque
740 1621 867 1689 utinam
880 1617 887 1687 l
902 1618 933 1716 ),
950 1645 1033 1716 cape
1052 1638 1125 1692 tuta
1142 1650 1326 1723 parumper
1441 1638 1442 1657 l

358 1723 540 1836 Tegmina,
558 1738 606 1810 nil
624 1742 780 1811 nocitura
796 1742 910 1812 animo
927 1767 935 1809 ε
954 1768 1093 1839 eurora
1112 1745 1265 1818 reducis!

358 1860 493 1949 Quidve
511 1876 633 1956 parant
649 1860 738 1932 oculi
749 1860 884 1957 ?-pudet
900 1861 965 1933 hoc
983 1866 1158 1937 mitescere
1176 1867 1295 1939 cultu?
1338 1939 1344 1951 ,

357 1985 422 2051 Per
442 1996 494 2069 te,
512 2006 588 2051 care
606 2007 702 2076 puer,
723 1998 864 2079 cognata
881 2010 942 2080 per
962 2011 1098 2082 aequora
1110 1989 1209 2084 juro,

358 2103 491 2174 Nesciet
506 2102 725 2174 hoc-Chiron.
739 2131 758 2170 u
775 2107 831 2176 Sic
847 2106 985 2178 horrido
1005 2125 1139 2204 pectem
1158 2126 1282 2184 tractat

357 2225 590 2318 Nequicquam
611 2223 761 2296 mulcens
781 2253 789 2296 ε
810 2204 922 2298 obstat
942 2232 1141 2327 genitorque
1160 2241 1315 2332 roganti,
1441 2270 1442 2273 ¹

357 2346 581 2440 Nutritorquc
597 2347 732 2442 ingens,
750 2362 785 2417 ct
801 2347 906 2419 cruda
924 2351 1061 2423 exordia
1079 2379 1209 2451 maguae
1441 2346 1442 2357 ἵ

357 2464 484 2538 Indolis
504 2495 512 2537 ε
530 2467 665 2541 effrenae
684 2469 850 2543 tumidum
872 2471 964 2568 velut
980 2477 1057 2571 igne
1073 2479 1223 2572 juvente

356 2589 390 2657 Si
410 2590 486 2683 quis
504 2615 629 2685 equum
649 2593 766 2688 primis
784 2576 985 2665 submittere·
999 2614 1106 2671 tentet
1124 2602 1286 2695 hahenis;

356 2707 434 2798 Ille,
454 2711 513 2781 dur
528 2715 670 2810 campis,
690 2714 886 2811 fluviisque,
906 2721 1087 2793 ethonore
1104 2728 1250 2821 superbo

357 2833 516 2919 Gavism,
535 2860 604 2905 non
625 2834 712 2907 eolla
728 2838 830 2935 jugo,
847 2864 915 2910 non
933 2867 1051 2939 aspera
1068 2847 1195 2941 praehet

293 2968 295 2973 “
332 2986 336 2993 ·
357 2958 427 3025 Ora
444 2952 550 3051 lupis,
571 2957 889 3060 dominiquegemit
903 2967 1054 3060 captivus
1073 2970 1158 3041 inire

286 3125 292 3139 ,
356 3078 517 3171 Imperia,
534 3091 634 3173 atque
652 3078 736 3150 alios
755 3084 899 3153 miratur
918 3085 1044 3157 discere
1063 3116 1192 3163 cursus.

404 3200 492 3287 Quis
510 3202 605 3271 Deus
622 3202 773 3273 attonitae
788 3203 940 3295 fraudes,
960 3226 1135 3307 astumque
1156 3221 1287 3312 parenti

356 3319 533 3392 Contulit?
551 3322 728 3397 indocilem
746 3353 821 3422 quae
834 3355 933 3401 mens
951 3332 1095 3407 detraxit
1110 3340 1300 3412 Achillem?

356 3440 482 3513 Palladi
505 3442 629 3516 litoreae
647 3446 835 3521 celebrabat
853 3455 973 3549 Scyros
993 3457 1163 3531 honorum

356 3568 455 3633 Forte
474 3564 575 3657 diem,
594 3567 802 3667 placidoque.
810 3588 890 3644 satae
905 3578 1091 3671 Lycomede
1107 3605 1239 3655 sorores

356 3688 557 3759 Lucesacra
575 3693 710 3786 patriis,
726 3720 802 3789 quae
816 3696 1061 3792 rara-licentia,
1080 3706 1185 3775 muris
1441 3741 1442 3822 q

355 3808 528 3898 Exierant,
546 3808 625 3881 dare
643 3816 730 3885 veris
747 3842 847 3912 opes,
866 3817 1016 3917 divaeque
1033 3849 1164 3897 severas
1441 3833 1442 3908 l

356 3931 486 4000 Fronde
507 3930 609 4027 ligare
627 3960 753 4026 comas,
774 3954 809 4007 et
823 3964 980 4038 spargere
1000 3945 1139 4019 floribus
1159 3951 1296 4022 hastam.
1441 3927 1442 3944 l

246 4070 248 4073 ·
355 4053 521 4123 Omnibus
538 4057 695 4127 eximium
714 4059 829 4131 formae
847 4061 971 4135 decus:
991 4070 1147 4140 omnibus
1164 4073 1254 4145 idem
