2934 4950
309 446 362 510 ruo
661 442 692 497 Ρ.
712 438 835 496 runnu
858 438 980 495 suurn
1256 440 1288 501 (v.
1304 442 1358 505 51.)

353 568 453 637 Disce
469 590 578 662 puer:
595 589 659 635 nec
675 567 766 635 enim
786 580 926 635 externo
946 564 1113 638 monitore
1133 562 1301 658 petendus

303 690 450 759 Virtutis
465 686 528 757 tibi
543 687 684 783 pulcher
698 710 793 757 umor
810 712 818 755 ε
835 700 976 782 cognata
992 686 1158 754 ministret

305 815 396 881 Laus
412 811 552 879 animos.
571 808 657 881 Aliis
671 810 767 879 Decii
785 806 988 901 reducesque
1003 805 1140 877 Camilli

305 936 554 1016 Monstrentur3
567 947 606 1002 tn
622 932 714 1001 disce
729 946 873 1027 patrem3
890 946 1100 1025 quantusque
1116 932 1308 1027 nigrantem

305 1051 478 1123 Fluctibus
497 1052 645 1123 occiduis
664 1053 819 1146 fessoque
837 1054 1028 1148 Hyperione
1046 1047 1177 1122 Thulen

309 1177 446 1244 intrarit
465 1174 623 1243 mandata
641 1197 777 1269 gerens3
797 1186 1008 1269 quantusque
1030 1176 1176 1269 potentis
1291 1182 1294 1190 '

306 1294 402 1367 Mille
419 1297 517 1366 urbes
531 1296 617 1366 Asiae
633 1296 753 1365 sortito
769 1297 893 1365 rexerit
908 1318 1013 1392 anno,

307 1418 493 1513 Imperium
511 1417 680 1487 mulcente
700 1433 788 1513 toga.
806 1418 887 1487 Bibe
905 1416 984 1487 telin
1002 1420 1116 1513 pronis
1211 1400 1214 1408 Ι

307 1539 480 1611 Auribus:
500 1540 571 1607 lunc
590 1552 720 1608 certent
742 1539 802 1607 tibi
822 1537 1002 1608 conciliare
1024 1540 1234 1635 propinqui:

308 1664 387 1729 Haec
409 1662 532 1728 iterent
549 1660 688 1729 comites
707 1673 891 1753 praecepta‚
912 1684 1074 1755 senesque
1094 1664 1234 1755 paterni.

357 1784 499 1873 lamque
516 1777 600 1847 adeo
620 1776 748 1848 moliris
769 1780 846 1869 iter,
865 1804 926 1847 nec
947 1778 1059 1849 deside
1078 1806 1178 1875 passu

310 1906 365 1972 Ire
385 1923 482 1996 pares
498 1924 507 1967 t
526 1898 679 1967 nondum
698 1898 815 1967 validae
836 1900 896 1968 tibi
915 1902 1008 1995 signu
1025 1904 1174 1996 juventae

310 2026 479 2116 irrepsere
497 2021 604 2115 genic,
621 2034 655 2088 et
672 2018 783 2089 adbuc
800 2019 900 2089 decor
918 2022 1048 2118 integer
1066 2025 1137 2092 aevi.

312 2145 385 2215 Nec
401 2141 534 2237 genitor
545 2141 659 2235 juxta3
678 2141 755 2210 latis
773 2164 919 2235 namque
934 2142 1073 2212 haustus
1092 2144 1217 2237 iniquis

312 2261 445 2335 Occidit
460 2257 539 2331 beu!
559 2262 728 2355 geminam
745 2260 873 2355 prolem
891 2262 962 2330 sine
979 2264 1118 2356 praeside
1133 2262 1301 2359 linquens.

313 2386 386 2456 Nec
402 2382 519 2452 saltem
534 2384 657 2451 teneris
674 2395 802 2451 ostrum
821 2380 948 2477 puerile
966 2381 1097 2453 lacertis

314 2506 432 2594 Exuit,
448 2503 639 2597 albentique
654 2503 814 2572 humeros
831 2502 964 2573 induxit
983 2507 1118 2576 amictu.

316 2628 429 2716 Quem
446 2651 515 2694 non
535 2627 723 2719 corrumpit
742 2626 847 2720 pubes
865 2625 1004 2714 effrena,
1027 2653 1187 2722 novaeque

316 2748 468 2818 Libertas
487 2762 669 2841 properata⁴
687 2745 791 2841 togae?
808 2773 869 2817 ceu
891 2750 999 2817 nescia
1022 2747 1113 2818 lalcis

317 2867 409 2940 Silva
428 2892 541 2936 comas
559 2865 663 2955 tollit,
685 2867 901 2962 fructumque
921 2869 1067 2962 exspirat
1089 2872 1122 2938 in
1143 2871 1290 2943 umbras.

318 2994 363 3062 At
382 2989 444 3058 tibi
463 2989 580 3057 Pieriae
601 2999 716 3056 tenero
735 2988 797 3057 sub
815 3003 950 3083 pectore
969 3013 1073 3078 curae,

318 3115 364 3181 Et
379 3108 503 3204 pudor,
521 3125 556 3177 et
575 3108 666 3178 docti
684 3107 792 3203 legem
811 3110 873 3178 sibi
894 3110 1003 3181 dicere
1024 3137 1150 3200 mores;

318 3237 416 3302 Tunc
436 3229 552 3300 hilaris
571 3230 738 3324 probitas,
757 3243 790 3298 et
810 3221 902 3300 frons
923 3231 1121 3327 tranquilla,
1141 3235 1300 3328 nitorque

319 3354 478 3425 Luxuriae
497 3351 629 3421 confine
648 3353 785 3440 timens,
806 3354 978 3448 pietasque
999 3379 1059 3449 per
1080 3381 1195 3425 omnes

319 3477 518 3571 Dispensata
537 3472 665 3542 modos.
686 3469 846 3568 AEquaevc
865 3474 982 3544 cedere
1001 3475 1113 3567 fratri,

320 3596 506 3689 Mirerique
523 3609 670 3690 putrem,
688 3595 884 3690 miseraeque
903 3598 1075 3692 ignoscere
1098 3602 1212 3692 matri,

322 3716 509 3788 Admonuit
524 3716 661 3786 fortuna
678 3715 807 3787 domus.
826 3719 946 3788 Tibine
967 3717 1024 3788 illa
1041 3719 1184 3790 nefanda

321 3837 461 3927 Pocula,
479 3837 660 3934 letalesque
676 3863 780 3910 manu
797 3864 1000 3936 componere
1016 3867 1133 3912 succos

324 3958 475 4050 Evaluit,
492 3963 551 4055 qui
565 3985 651 4031 voce
665 3977 760 4058 potes
777 3977 976 4058 prevertere
992 3989 1122 4035 morsus

324 4084 542 4177 Serpentum,
559 4098 660 4177 atque
676 4105 792 4152 omnes
808 4082 903 4154 vultu
919 4083 1053 4180 placare
1070 4083 1244 4157 novercas!
