2934 4950
355 417 410 474 256
731 417 1029 474 ADNOTATIONES

393 535 497 591 Adhuc
517 555 637 591 vacuo...
659 537 728 593 Piso
746 533 783 612 (v.
803 533 861 610 65).
882 537 956 591 Ante
975 533 1102 610 positum
1124 533 1306 593 simulacrum
1326 540 1394 594 Joris

353 629 506 705 Olympici.

396 724 485 779 Servii
499 719 538 800 (v.
555 719 617 798 75).
636 720 790 794 suhjacet,
805 731 838 776 ut
852 721 960 778 Plinius
974 721 1004 778 in
1016 721 1131 796 pictura
1141 723 1310 778 Tusculana·
1321 725 1395 796 ville,

354 817 448 890 Epist
470 836 502 886 v,
517 815 549 887 6,
570 814 652 887 cujus
669 813 795 888 plurima
815 833 880 870 cum
899 823 999 870 nostro
1019 813 1144 870 carmine
1160 814 1269 871 utiliter
1287 835 1394 892 compa-

354 909 409 966 rari
424 918 582 983 poterunt:
598 907 761 963 «Piscinam
775 925 839 982 quae
852 906 981 963 fenestris
995 906 1083 963 servit
1100 925 1133 963 ac
1148 907 1287 980 subjacet.
1296 934 1309 960 s
1325 911 1396 966 Sinin

355 1021 415 1076 seq.
429 1020 513 1058 versu
527 999 612 1058 etiam
619 1011 718 1075 paret.
732 1031 773 1042 -
786 1001 921 1076 Megalia
935 1011 964 1055 et
977 1001 1079 1056 Limon
1093 1001 1200 1075 praedia
1214 1014 1299 1058 erant
1316 1005 1395 1060 Pollii.

395 1095 520 1170 Angitur
539 1091 576 1169 (v.
593 1092 651 1172 81).
670 1096 760 1150 Recte
780 1094 946 1151 Weberus:
967 1117 982 1146 α
993 1094 1254 1152 indicari-videtur
1277 1099 1396 1172 quaedam

354 1186 462 1244 invidia
474 1186 616 1258 Limonis,
630 1204 703 1262 tegre
719 1186 751 1242 id
765 1185 895 1258 serentis,
910 1185 933 1244 si
952 1185 1087 1244 domiuus
1100 1186 1168 1244 alibi
1180 1199 1321 1244 versetur.
1335 1214 1345 1240 ι

395 1279 531 1353 Carystos
545 1277 582 1355 (v.
597 1275 658 1356 93).
672 1278 748 1336 Vide
762 1278 799 1336 ad
814 1299 840 1350 1,
857 1278 887 1350 5,
904 1277 949 1348 34.

395 1373 574 1429 Chalcidicos
587 1371 624 1448 (v.
640 1370 700 1447 94).
714 1372 790 1430 Vide
803 1371 841 1428 ad
856 1393 884 1443 r,
899 1391 933 1443 u,
949 1371 1015 1440 264.

394 1467 533 1522 Dicarchi
544 1469 649 1522 moenio
663 1463 702 1542 (v.
723 1464 789 1542 96).
805 1469 904 1523 Festus
919 1487 925 1521 :
941 1466 1149 1522 «Dt'coearciiia
1164 1467 1325 1524 vocabatur
1342 1487 1396 1542 qua

354 1579 430 1616 nunc
442 1559 571 1632 Puteoli,
581 1559 664 1636 quod
673 1579 707 1616 ea
720 1560 819 1617 civitas
837 1560 984 1634 quondam
992 1559 1144 1633 justissime
1158 1561 1397 1635 girbenrabatum

356 1654 414 1711 Ubi
429 1652 495 1709 vide
510 1654 591 1724 intt.,
609 1665 638 1710 et
651 1653 756 1709 Markl.
771 1653 809 1710 ad
823 1654 850 1709 h.
861 1655 880 1710 l.
900 1654 937 1710 de
951 1653 1043 1709 forma
1056 1651 1144 1708 vocis.

320 1733 326 1740 ⁴
396 1747 571 1820 Tirynthia...
587 1749 664 1802 Aulo
673 1742 711 1825 (v.
733 1745 809 1826 109).
823 1748 1015 1804 Herctdanum
1031 1745 1231 1821 :quodquam
1250 1745 1395 1802 iemndum

354 1840 453 1910 fuerit,
466 1851 570 1896 notum
583 1839 718 1896 omnibus
736 1851 786 1896 est.

397 1933 572 2008 Therapnaei
593 1933 631 2009 (v.
651 1932 727 2010 ιιι).
750 1933 974 2004 Lacedaemonii,
997 1945 1029 1990 ut
1053 1931 1171 1989 fluvium
1195 1933 1224 1988 in
1250 1936 1396 1992 Tarentino

355 2045 425 2103 agro
439 2038 523 2083 vocat
536 2027 687 2098 Martialis,
706 2047 748 2098 ιι,
763 2028 809 2093 43.
825 2029 909 2083 Plura
922 2027 1025 2082 Marii.

396 2121 450 2175 llic
461 2139 512 2176 seu
524 2121 674 2178 sirenas...
688 2133 765 2176 artes
781 2117 819 2198 (v.
838 2117 913 2198 ιη).
932 2120 978 2177 Ad
995 2121 1176 2176 astronomia
1190 2121 1235 2177 vel
1245 2124 1397 2200 astrologia

355 2214 448 2270 studia
463 2215 520 2270 hoc
533 2213 715 2270 referendum
729 2213 818 2282 foret,
835 2213 941 2287 quibus
950 2213 1043 2270 otium
1055 2213 1153 2270 fallere
1170 2226 1287 2289 poterat
1300 2217 1397 2272 amicus

355 2306 444 2364 Statii
459 2306 515 2364 Sed
529 2307 616 2365 codd.
630 2307 717 2363 Paris.
732 2317 761 2362 et
777 2307 900 2383 Rhedig.
916 2327 923 2361 :
939 2307 1015 2362 «Hic
1029 2307 1078 2361 ubi
1089 2306 1141 2363 sid.
1158 2329 1188 2363 :n
1204 2328 1265 2384 quo
1288 2322 1396 2384 recepto

355 2413 474 2477 apparet
486 2420 541 2477 pro
555 2401 690 2457 sublimes
703 2399 761 2456 dici
772 2398 948 2477 intelligique
961 2418 993 2456 ea
1003 2419 1066 2475 quae
1079 2400 1138 2474 jam
1150 2419 1204 2475 per
1217 2413 1313 2477 partes
1324 2423 1396 2460 exse-

355 2496 455 2571 quitur
480 2508 574 2570 poeta.
595 2498 668 2553 Nam
695 2495 809 2550 Pierios
835 2494 865 2549 in
890 2494 1011 2570 Rhedig.
1036 2505 1228 2552 correctorem
1252 2497 1352 2570 prodit
1370 2512 1396 2553 ut

355 2593 445 2647 mnlta
465 2591 497 2647 in
513 2609 549 2647 eo
570 2590 679 2647 codice.
698 2620 738 2631 -
757 2589 881 2644 cosona
895 2590 1029 2645 carmina.
1044 2607 1104 2644 non
1119 2588 1173 2645 alia
1197 2609 1256 2647 esse
1270 2591 1397 2649 videntur

356 2702 444 2757 quam
462 2685 562 2741 satira.

396 2779 557 2853 Plectn'que
574 2796 666 2834 enom
677 2778 815 2852 superous
828 2774 866 2855 (v.
885 2776 960 2855 137).
977 2777 1141 2834 Gronovius
1157 2762 1296 2835 intellexit
1307 2790 1395 2835 :motu

355 2870 457 2943 plectri
472 2886 527 2945 per
540 2870 680 2941 chordas3
697 2869 780 2945 quod
797 2870 919 2927 dubium
935 2890 994 2927 esse
1009 2871 1216 2928 demonstrarit
1230 2873 1332 2929 Markl.
1342 2876 1394 2928 Tu-

355 2964 411 3020 tius
425 2965 567 3023 Weberus
588 2964 712 3038 explicat
731 2963 769 3019 de
787 2962 907 3036 juvenili
924 2963 1033 3039 ingenii
1053 2966 1137 3035 lusu,
1157 2984 1218 3040 quo
1237 2965 1396 3039 pervarias

354 3077 399 3114 res
412 3057 525 3132 poetice
539 3057 719 3114 exornandas
732 3056 838 3113 Pollius
856 3058 1014 3133 vagabatur
1027 3069 1055 3114 et
1069 3058 1192 3115 errabat.

397 3154 481 3208 Atriis
502 3153 597 3207 decuit
614 3150 775 3207 concordio
787 3162 895 3207 ruentes
912 3150 950 3227 (v.
969 3150 1044 3229 154).
1059 3154 1165 3209 Veram
1179 3170 1239 3209 csse
1252 3153 1394 3209 lectionem

354 3256 429 3321 puto
444 3263 531 3320 quam
547 3243 676 3317 prebent
689 3244 754 3298 cod.
770 3244 856 3301 Paris.
873 3255 901 3299 et
914 3245 1035 3321 Rhedig.
1052 3246 1182 3311 :docum
1198 3244 1395 3319 instituit,ior·

354 3340 450 3395 mavit.

395 3418 489 3489 Ciu.
506 3434 558 3487 111.
575 3432 681 3487 Coelica
695 3428 706 3509 (
712 3418 794 3489 Coelii
801 3414 923 3509 montis)
937 3434 1089 3489 tectasubit
1096 3430 1135 3511 (v.
1153 3432 1209 3512 14).
1225 3458 1238 3484 «ι
1248 3432 1394 3507 Quomodo

356 3526 411 3582 dici
420 3525 517 3599 potuit
529 3526 637 3582 Pholoe
650 3526 770 3583 subiisse
780 3539 868 3593 tecta,
881 3544 969 3600 quum
980 3527 1074 3583 statim
1083 3538 1221 3601 sequatur
1228 3528 1304 3584 illam
1310 3528 1394 3599 depo·

355 3620 442 3674 suisse
459 3636 489 3673 se
508 3617 539 3673 in
555 3617 684 3694 margine
696 3621 786 3694 rpoe,
802 3630 831 3677 et
844 3638 880 3675 eo
894 3622 958 3677 loco
972 3620 1024 3675 ubi
1043 3640 1116 3675 minc
1130 3632 1196 3676 sunt
1212 3620 1287 3678 aedes
1299 3619 1394 3676 Melio-

355 3710 415 3767 ris?
432 3711 505 3785 quin
518 3722 547 3766 et
564 3711 656 3768 Diana
679 3730 741 3769 eam
764 3714 917 3771 cubantem
939 3713 1028 3785 sidit,
1046 3714 1116 3770 dum
1133 3725 1210 3769 errat
1227 3734 1281 3789 per
1297 3723 1394 3787 septem

239 3826 249 3833 ·
353 3806 432 3881 juga.
453 3805 520 3859 Nou
541 3804 631 3881 igitur
650 3806 726 3862 intra
745 3819 817 3862 tecto
831 3818 901 3863 tunc
915 3807 971 3863 fuit
984 3808 1105 3879 Pholoe,
1126 3807 1178 3865 sed
1190 3808 1242 3863 sub
1258 3808 1321 3875 dio,
1342 3824 1395 3859 uu-

356 3900 453 3974 doque
466 3900 520 3955 sub
538 3900 649 3956 aetheris
661 3919 723 3957 axe.
746 3902 840 3979 Lege:
855 3926 867 3952 n
881 3902 986 3959 Coelica
1008 3914 1085 3957 tesca
1107 3902 1198 3959 subit:
1209 3926 1222 3952 r
1237 3914 1311 3957 tesca
1327 3898 1394 3954 enim

356 4012 406 4050 seu
419 3980 519 4067 tesspo
532 4002 601 4047 sunt
612 3994 676 4050 loca
690 4013 789 4073 aspera
811 4006 841 4053 et
857 3996 979 4067 inculta,
1003 3996 1098 4071 qualia
1121 3996 1181 4053 lere
1195 4006 1268 4053 sunt
1284 4002 1390 4049 montes.

334 4133 342 4150 ,
356 4085 431 4144 Vide
449 4086 577 4157 Hom,
593 4086 681 4161 Epist.
699 4108 725 4161 1,
747 4096 799 4165 14,
818 4091 1010 4167 19;Luen‹.,
1031 4108 1078 4161 vr,
1094 4080 1145 4161 lo}
1160 4089 1282 4165 interpp.
1297 4086 1330 4142 ad
1342 4085 1392 4139 Fe·
