2934 4950
342 447 396 502 180
483 509 484 523 χ
657 438 873 496 THEBleOS
894 437 1006 494 namt
1028 439 1066 494 Χ.
1271 437 1303 498 (v.
1316 436 1378 497 ωε.)

338 571 562 667 Amphiaraus
580 567 677 636 adit:
698 590 793 637 vome
811 589 874 634 nee
892 579 1042 634 monstra
1059 563 1202 658 quietis,

339 696 412 764 Nec
427 701 546 762 somno
564 701 738 784 comperta
754 683 885 780 loquor.
904 689 1019 771 Tune,
1037 687 1164 780 inquit,
1182 689 1306 755 inertes

338 811 515 886 Inachidas
535 809 660 908 (redde
678 810 751 878 hreo
767 809 944 878 Parnassia
962 822 1067 896 serta,
1086 833 1245 903 meosque

339 935 456 1008 Redde
473 931 586 1028 Deos)
604 947 733 1002 tantam
752 932 879 1028 patiere
894 931 1048 1000 amittere
1065 947 1219 1019 noctem,

339 1055 516 1154 Degener?
534 1054 605 1124 haec
622 1067 757 1149 egomet
773 1051 849 1122 eoeli
867 1067 1009 1141 secreta,
1027 1077 1198 1148 vagosque

339 1179 469 1251 Edocui
488 1175 619 1272 lapsus?
640 1175 725 1245 vade
743 1177 813 1260 eia,
832 1167 1102 1244 ulciscere-ferro

341 1303 411 1371 Nos
430 1298 547 1370 saltem
568 1297 699 1384 edixit,
719 1321 840 1390 meque
857 1295 930 1365 hare
941 1295 988 1386 ,ad
1004 1289 1120 1365 limina
1137 1298 1229 1365 visus
1264 1393 1267 1396 ἡ

341 1420 489 1515 Cuspide
503 1417 650 1516 sublata,
668 1432 807 1513 totoque
823 1417 993 1513 impellere
1010 1443 1124 1489 cumr.
1360 1408 1362 1411 ⁵

341 1546 456 1634 Quare
475 1543 582 1638 agite,
602 1541 924 1636 utendumssuperis
944 1567 959 1608 :.
972 1537 1042 1612 non
1060 1541 1214 1610 cominus
1234 1540 1345 1609 hostes

342 1663 521 1738 Sternendi
541 1691 550 1733 ε
569 1662 695 1734 bellum
706 1663 817 1756 jacet,
835 1677 871 1733 et
890 1665 1004 1733 saevire
1024 1678 1181 1757 potestas.
1300 1654 1304 1661 ⁴

342 1789 450 1882 Ecqui
468 1785 630 1856 aderunt?
649 1811 733 1879 quos
748 1786 878 1880 ingenti
892 1810 929 1854 se
945 1783 1101 1856 attollere
1120 1786 1209 1856 sama

342 1911 421 1979 Non
443 1911 573 2004 pigeat,
592 1907 675 1976 dum
693 1906 768 1975 fata
781 1905 917 1976 sinunt?
935 1908 1059 1976 iterum
1077 1931 1153 1977 ecoe
1171 1908 1325 2006 benignae
1440 1898 1441 1901 ¹

340 2032 461 2102 Noctis
481 2053 557 2099 aves
577 2055 585 2098 :
608 2053 750 2122 sequor,
767 2043 802 2097 et
817 2030 979 2100 comitum
996 2028 1076 2099 licet
1094 2030 1230 2126 agmina
1249 2041 1381 2106 cessem,
1440 2084 1441 2101 1

341 2149 443 2223 Solus
461 2176 519 2239 eo,
536 2149 626 2220 solus
645 2175 654 2219 τ
672 2151 766 2220 venit
783 2147 857 2237 ille,
880 2164 915 2218 et
932 2167 1070 2244 quassat
1087 2143 1247 2220 habenas.
1265 2181 1284 2216 a

397 2272 493 2343 Talia
510 2271 712 2358 vociferans,
731 2286 866 2364 noctem
884 2270 1100 2360 exturbabat,
1119 2287 1272 2367 euntque

217 2397 221 2414 '
342 2395 423 2464 Non
442 2418 536 2463 secus
553 2392 683 2462 accensi
701 2417 873 2487 proceres,
891 2394 1037 2486 quamsi
1056 2394 1214 2467 omnibus
1232 2391 1323 2464 idem

346 2514 457 2586 Corde
477 2516 569 2584 Deus
590 2538 598 2582 ε
619 2512 765 2608 flagrant
781 2514 936 2583 comitari
953 2530 988 2583 et
1009 2511 1148 2611 jungere
1166 2541 1275 2589 casus.

344 2640 412 2707 Ter
425 2635 530 2707 denos
550 2659 715 2723 numero,
735 2648 925 2733 turmarum
942 2636 1084 2725 robera,
1095 2638 1209 2731 jussus

342 2760 422 2853 Ipse
437 2756 541 2852 legit:
563 2757 652 2825 circa
665 2755 777 2825 fremit
793 2756 968 2852 indignata
981 2758 1141 2851 juventus

343 2882 484 2966 Cetera,
501 2902 562 2950 cur
576 2891 736 2959 maneant
754 2880 888 2979 casuis,
906 2880 1095 2975 ignavaque
1110 2863 1247 2955 servent

346 3003 455 3072 Otia:
471 3026 548 3097 pars
567 2998 709 3071 sublime
727 3026 853 3095 genus,
871 3026 949 3096 pars
965 3000 1053 3096 faeta
1070 3028 1227 3092 suorum,
1251 2988 1261 3005 ’

347 3125 428 3193 Pars
438 3147 523 3193 sua:
543 3136 667 3191 sortem
682 3120 739 3191 alii
750 3120 916 3212 clamant,
935 3137 1058 3193 sortem
1077 3126 1228 3221 undique
1243 3140 1383 3222 poscunt

398 3243 532 3331 Gaudet
551 3244 585 3313 in
605 3240 753 3313 adversis
772 3244 953 3339 animoque
971 3248 1117 3342 assurgit
1136 3247 1312 3335 Adrastus.

347 3364 483 3437 Vertiee
503 3366 550 3435 sic
571 3363 715 3436 Pholoes
732 3363 911 3437 voluerum
928 3369 1076 3455 nutritor
1090 3392 1275 3463 equorum,

347 3487 413 3557 Cui
434 3485 556 3557 foetura
572 3512 709 3583 gregem
729 3513 890 3582 pecoroso
910 3514 988 3587 vere
1006 3493 1159 3573 novavit,

349 3610 515 3697 Laetatur,
534 3634 674 3680 cernens
696 3610 758 3681 hos
770 3611 902 3686 ¹montis
916 3612 955 3709 in
974 3611 1081 3699 ardua
1099 3614 1180 3703 niti,

350 3733 421 3800 Hos
441 3730 559 3801 innare
576 3730 687 3819 radis,
707 3746 835 3803 certare
854 3733 1050 3827 parentibus
1070 3733 1154 3804 illos.

348 3854 446 3921 Tunc
464 3876 570 3923 vacuo
588 3854 651 3923 sub
668 3852 771 3923 corde
786 3870 913 3942 movet,
930 3856 989 3949 qui
1007 3854 1108 3926 molle
1125 3854 1285 3928 domandi

350 3977 453 4043 Ferre
467 3976 605 4071 jugum,
625 3978 682 4070 qui
703 3992 796 4072 terga
812 3977 912 4065 boni,
933 3978 1009 4070 quis
1025 3979 1060 4048 in
1076 4004 1170 4049 arma
1188 3981 1346 4073 tubasque

351 4096 477 4187 Natus,
491 4094 535 4167 ad
552 4095 648 4169 Eleas
665 4097 785 4201 melior,
801 4099 877 4196 quis
895 4123 1033 4195 surgere
1051 4100 1190 4195 palmas.
