2934 4950
291 503 332 559 IN
353 504 382 557 P.
404 505 434 558 P.
456 501 584 560 srnTll
604 503 711 560 ΤΗΕΒ.
733 504 803 559 LIB.
824 504 873 561 vl.
1053 506 1110 564 313

87 615 283 694 Insignesque
295 611 414 674 'hutnore'
429 616 468 697 (v.
492 617 570 698 571).
587 620 727 694 Copulam
742 620 879 676 omittunt
893 619 909 676 ἰ
927 619 1026 678 Behot.
1046 634 1075 678 et
1094 633 1111 691 4

44 711 142 767 codd.
161 730 209 786 ap.
224 711 344 768 Dorvitl.
360 712 398 768 nd
414 711 523 769 Charie.
541 732 572 787 p.
591 710 642 769 161
659 710 752 790 (297),
767 713 849 788 quod
862 714 909 770 hic
921 715 1038 788 probat.

88 819 267 894 Explomnt
286 830 445 895 acuuntque
472 818 509 896 (ι.
534 816 613 897 set).
642 819 735 876 Codd.
762 820 888 894 aliquot,
909 820 940 876 in
966 821 1073 897 quibus
1093 842 1111 879 n

46 916 148 990 Regg.
159 953 170 984 ,
183 913 258 970 bene
274 929 281 965 :
295 913 497 980 commutarem
516 930 534 968 ι
554 913 667 970 Behott.
687 913 896 970 :irntimulant

90 1019 385 1095 Brevemquefngam
398 1009 456 1076 nee¹
464 1009 551 1095 opino
556 1019 620 1094 fine
634 1032 774 1095 reponunt
787 1017 826 1098 (v.
842 1017 921 1099 592).
936 1023 960 1078 1.
975 1041 1000 1078 e.
1022 1024 1111 1078 omit-

44 1124 136 1186 tunt,
152 1114 192 1190 gl.
209 1111 292 1168 «Nec
304 1113 391 1188 opino
398 1113 471 1186 fine.
486 1113 561 1185 Quia
575 1112 683 1170 incerta
696 1123 836 1184 meteret,
845 1113 904 1170 imo
917 1115 1011 1186 nulla,
1021 1135 1111 1190 quum

46 1209 160 1264 crebro
171 1207 246 1263 saltu
259 1205 430 1263 excurritur.
445 1199 574 1265 Incertus
588 1206 664 1264 enim
682 1207 787 1263 modus
797 1208 934 1266 currendi
948 1219 1005 1280 est,
1021 1229 1111 1284 quum

47 1299 260 1376 unusquisque
281 1299 368 1356 saltus
388 1297 486 1355 habita
503 1298 551 1378 [un
568 1320 588 1356 α
601 1300 703 1356 lunen?
722 1303 810 1356 Deest
827 1301 904 1358 enim
920 1305 1069 1359 voluntate
1081 1304 1112 1358 in

46 1395 116 1448 Par.
139 1389 224 1469 cod]
237 1391 413 1466 praeludunt,
428 1391 459 1448 id
473 1403 515 1448 est
530 1392 686 1449 currebant
702 1393 760 1450 cito
774 1394 941 1467 redeuntes,
961 1395 1043 1470 quod
1059 1414 1110 1452 so-

48 1488 111 1542 lent
133 1505 225 1543 cursu
252 1504 282 1542 se
308 1497 499 1560 preparantes
525 1479 655 1558 efficere,
672 1495 705 1542 ut
730 1487 793 1562 ipse
815 1489 851 1544 de
878 1489 961 1564 equis
980 1488 1112 1564 superins

45 1577 86 1655 [v.
103 1577 180 1658 4⁰0]
199 1579 259 1635 ait:
276 1581 400 1636 Pereunt
411 1581 534 1656 vestigia
551 1581 630 1636 mille
641 1583 717 1636 Ante
724 1581 844 1656 sugam.
854 1606 867 1633 υ
886 1582 975 1637 Lucr.
989 1613 1030 1625 —
1042 1583 1110 1657 Seq.

49 1692 75 1727 ι.
90 1673 183 1729 multi
198 1673 284 1730 codd.
300 1693 306 1728 :
325 1673 363 1728 Ut
374 1675 437 1729 ruit.

92 1769 239 1843 Dictoque
253 1778 371 1822 monent
387 1766 425 1844 (v.
444 1763 523 1843 631).
538 1768 574 1822 V.
592 1769 727 1824 Gronov.
741 1769 787 1822 Al.
799 1766 907 1842 favent
920 1772 966 1826 vel
974 1783 1090 1847 patent.

93 1873 215 1930 Gaudet
227 1883 360 1928 contenta
373 1871 402 1947 (v
431 1869 511 1950 645).
525 1874 634 1928 Verum
654 1880 696 1928 est
718 1868 801 1946 qu'od
820 1874 950 1948 prebent
964 1870 1025 1932 ’ΜΒ
1046 1888 1074 1933 et
1093 1895 1110 1931 ι

51 1964 99 2020 alii
117 1964 210 2022 codd.
225 1965 322 2022 Barth.
338 1985 345 2020 ι
361 1966 467 2021 «vadit
482 1976 582 2022 cont.»
602 1967 734 2022 Alterum
753 1983 789 2022 ex
805 1965 923 2042 interpr.
942 1980 1047 2026 orturn

91 2057 139 2114 Ab
161 2059 224 2114 alto
242 2054 282 2136 (v.
298 2053 377 2135 683).
392 2058 447 2114 ΜΒ
463 2076 470 2114 t
485 2059 523 2114 ab
537 2060 633 2128 astur,
648 2058 792 2133 probante
806 2061 933 2117 Barthio.

94 2163 255 2240 Majorque
274 2183 375 2220 manus
393 2176 526 2241 speratur
541 2167 571 2222 in
589 2185 672 2241 oequo
692 2163 731 2244 (v.
753 2165 832 2243 690).
860 2189 876 2217 α
885 2167 920 2223 ld
944 2177 986 2222 est
1003 2167 1112 2241 majore

54 2257 162 2314 virtute
172 2276 249 2333 opus
262 2276 321 2315 esse
334 2257 582 2335 iulongitudinem
592 2277 679 2333 quam
688 2257 720 2314 in
729 2257 910 2316 altitudinem
918 2259 1089 2332 jaculatum.
1099 2285 1111 2311 ι

52 2351 139 2406 Lnur.
154 2382 199 2394 -
211 2352 297 2422 Post,
310 2370 338 2406 ι.
359 2351 434 2428 699,
448 2353 503 2408 ΜΒ
518 2372 525 2406 z
541 2350 719 2427 «rogando»

98 2456 216 2513 Virides
229 2455 360 2516 humeros
381 2455 418 2537 (v.
439 2457 517 2537 714).
533 2459 656 2517 «Latera
673 2455 824 2515 montium.
835 2482 851 2510 u
869 2460 968 2516 Gnoso.
990 2461 1030 2517 Ut
1050 2460 1112 2517 Pli-

54 2550 131 2621 nius,
155 2552 195 2607 H.
215 2551 251 2607 N.
258 2592 268 2620 ,
289 2570 333 2622 ιι,
348 2559 401 2623 44,
419 2571 465 2629 ap.
484 2554 582 2611 Barth.
596 2573 603 2608 :
619 2578 631 2604 ει
646 2552 820 2609 Montium...
841 2552 987 2611 confracto
1004 2554 1035 2608 in
1052 2555 1111 2609 hu-

58 2661 150 2701 meros
162 2644 272 2722 juga.»

96 2751 140 2806 Sic
155 2764 184 2808 et
200 2751 344 2808 Atczttoe...
353 2751 476 2827 jungere
490 2756 564 2809 coelo
580 2749 618 2830 (v.
631 2752 788 2831 719-721).
801 2756 869 2810 Non
883 2773 942 2811 esse
956 2755 1044 2828 hujus
1057 2757 1114 2812 loci

61 2857 180 2919 apparet
199 2845 263 2903 illos
286 2856 344 2902 tres
360 2866 474 2918 versus,
494 2866 568 2923 quos
589 2848 699 2922 primus
719 2848 839 2905 inseruit
855 2849 1035 2921 Gronovius,
1054 2851 1114 2906 haec

63 2937 219 2997 observans
235 2960 243 2994 ε
260 2940 384 2997 «inveni
397 2940 451 2998 hos
467 2952 525 2999 tres
542 2960 640 2999 versus
655 2942 685 2998 in
698 2941 916 2999 membranaceo
933 2942 1048 3016 codice,
1062 2945 1114 3019 qui

61 3030 126 3088 olim
142 3034 198 3091 Bil.
214 3032 415 3104 Pircheimeri‚
429 3054 507 3091 nunc
520 3034 684 3092 Arondeliae
699 3033 811 3091 comitis
828 3046 887 3105 est3
900 3054 950 3092 eos
962 3055 1017 3093 neo
1030 3037 1114 3093 nimis

61 3121 211 3183 affirmabo
225 3126 307 3183 Statii
321 3146 398 3200 esse,
417 3128 485 3203 quia
499 3128 529 3183 in
546 3146 606 3183 uno
621 3130 683 3184 solo
700 3128 801 3186 codice
814 3128 927 3203 reperi,
940 3148 994 3186 nec
1011 3132 1112 3187 exolu—

62 3216 125 3274 dere
140 3220 262 3277 omnino
276 3238 406 3294 possum,
421 3221 489 3296 quia
503 3221 540 3277 ub
554 3221 670 3297 ingenio
685 3222 747 3294 ejus
761 3220 846 3278 alieni
858 3240 919 3278 non
932 3234 1032 3279 sunt.»

99 3328 240 3383 Immanis
263 3328 358 3396 cerni,
380 3329 570 3403 clamantique
591 3330 679 3384 teneti
697 3326 736 3404 (v.
753 3327 832 3406 731).
863 3330 1059 3405 «Legendum
1079 3350 1114 3387 ex

63 3417 118 3477 MS.
139 3418 229 3498 [adde
244 3423 385 3492 Putrem,
405 3441 421 3477 ι
442 3422 572 3490 Βείιοῑῑζ,
590 3423 662 3498 Reg.
679 3420 709 3499 ι]
731 3432 760 3478 et
778 3421 824 3478 ed.
840 3424 981 3480 vetustiss.
1004 3446 1011 3478 :
1032 3426 1112 3481 tueri.

63 3511 227 3587 Terribilis,
243 3515 354 3591 inquit,
369 3516 431 3573 visu
446 3516 507 3573 aliis
520 3516 685 3587 videbatur,
695 3526 724 3571 et
738 3534 838 3573 rerem
852 3528 921 3574 erat.
936 3542 949 3567 ι
964 3521 1114 3591 Gronov„

65 3604 169 3675 Deum,
192 3628 223 3683 p.
244 3609 292 3684 93.
308 3608 471 3666 Ass'entitur
492 3610 597 3666 Markl.
618 3610 661 3663 ad
676 3610 760 3678 Sile,
778 3629 820 3679 11,
843 3610 908 3669 168.
929 3612 988 3667 Alii
1009 3612 1115 3682 codd,

64 3694 91 3749 in
107 3701 214 3773 quibus
226 3703 275 3758 PR
293 3722 300 3757 ε
315 3703 433 3759 «obteri
441 3728 467 3772 ι,
487 3702 584 3777 quod,
596 3701 693 3775 judice
709 3722 772 3775 me,
785 3702 875 3759 nimio
894 3715 1016 3778 praestat.

102 3792 159 3849 Nec
172 3814 239 3851 mea
253 3794 373 3852 cmdelt's
391 3797 470 3851 civiti
480 3797 718 3871 sangut'tte'vimtt
740 3794 780 3874 (v.
800 3795 880 3875 737).
901 3799 1034 3855 Debehat
1057 3818 1115 3855 esse

68 3902 118 3939 non
131 3908 204 3945 mea.
219 3890 275 3947 Sed
294 3902 326 3946 tu
346 3893 408 3967 lege
423 3910 458 3947 ex
472 3893 527 3946 ΜΒ
547 3911 553 3945 :
569 3892 636 3947 “Ne
649 3910 710 3946 men
727 3892 876 3948 crudescat
894 3892 946 3949 civ.
958 3894 1116 3949 n-Versu

68 3993 122 4051 seq.
141 3982 273 4038 nonnulli
287 3983 418 4057 aanirnis.
432 4009 443 4033 ι
466 3984 509 4040 Cf.
529 3986 612 4040 Wun.

108 4074 146 4127 Et
161 4076 377 4151 brachtufinaeit
390 4080 546 4133 Materiam
563 4076 715 4154 (suadebat
734 4075 827 4158 amor)
847 4076 885 4155 (v.
902 4076 981 4158 743).
996 4080 1043 4134 Sic
1060 4080 1119 4133 haer

70 4159 210 4227 durissime
225 4170 392 4229 distinxerat
412 4176 541 4229 Gronov.
561 4174 652 4230 Recte
673 4174 798 4247 explicat
817 4173 948 4229 Barthius
970 4194 976 4227 :
998 4170 1117 4230 ludendi
