2934 4950
75 348 152 412 (nat.)
370 340 584 400 Tltuuumos
603 343 713 399 LIBER
734 343 773 398 II.
1044 341 1099 418 195

74 475 134 542 Heu
149 468 259 540 dulces
280 469 393 538 visure
409 467 522 563 polos,
541 466 713 562 solemque
733 466 904 556 relietum,

74 596 108 660 Et
122 590 237 660 virides
255 605 379 679 terras,
396 601 431 659 et
446 613 550 683 puros
567 588 718 659 fontibus
734 611 868 676 amues3

72 713 193 781 Tristior
205 711 268 780 has
285 711 407 780 iterum
426 725 538 780 umen
553 712 719 780 intrature
733 703 926 781 tenebras.»

107 831 178 902 Illos
196 847 237 902 nt
255 857 343 902 woo
359 831 524 901 recubam
542 831 578 900 in
596 828 712 902 limine
727 834 831 902 sensit

72 954 231 1043 tnterus,
251 967 352 1048 atque
369 977 485 1022 omnes
504 954 652 1048 capitum
671 955 817 1024 surrexit
831 954 957 1040 hiatus;

27 1155 33 1162 ,
73 1075 166 1145 Serus
183 1089 219 1144 et
236 1074 379 1143 intranti
398 1072 552 1170 populo:
568 1075 639 1168 jam
658 1075 756 1170 nigra
773 1073 924 1144 tumebat

72 1193 149 1265 utu
165 1195 297 1283 minax,
314 1195 386 1289 jam
404 1219 519 1290 sparsa
536 1193 610 1266 solo
628 1196 823 1270 turbaverat
838 1219 932 1283 ossa,

73 1317 107 1386 Ni
122 1320 210 1389 Deus
224 1316 419 1387 horrentem
434 1318 571 1386 [etheo
586 1318 711 1387 vimine
728 1313 877 1386 mulcens

73 1442 172 1509 Pensa
188 1439 376 1534 tergemino
394 1437 576 1507 domuisset
594 1435 723 1507 lumina
740 1463 867 1508 somno.

106 1564 160 1630 Est
174 1558 285 1649 loeus,
300 1558 447 1630 hechia
462 1558 621 1630 dixerunt
637 1559 777 1628 Taenara
795 1572 925 1654 gentes,

72 1682 135 1770 Qua
150 1678 367 1750 formidatum
379 1679 497 1751 Maleae
515 1681 703 1776 spumantis
719 1683 755 1750 in
773 1703 871 1750 auras

70 1803 96 1870 lt
109 1817 222 1897 eaput,
241 1816 276 1871 et
290 1799 402 1871 nullos
418 1800 567 1871 admittit
587 1800 735 1871 eulmine
749 1803 852 1871 visus.

71 1923 129 1992 Sut
145 1920 297 1993 sublimis
310 1947 410 2017 apex,
428 1935 614 2017 ventosque
629 1921 821 2020 imbresque
839 1945 975 1993 serenus

27 2016 28 2029 '
72 2045 222 2140 nepus,
240 2057 274 2114 et
291 2057 424 2113 aarum
443 2043 538 2114 essu
556 2045 714 2115 intuor
731 2049 837 2117 nnn.

73 2163 131 2234 Illic
145 2166 296 2235 exhausti
313 2189 455 2261 posuere
469 2165 595 2236 eubilia
613 2169 704 2238 venti
720 2193 728 2235 :

74 2285 331 2382 fulminibusque
350 2288 414 2357 iter
432 2299 481 2356 est
499 2313 506 2354 :
524 2287 674 2358 medium
691 2313 772 2358 ouva
792 2285 908 2358 nubila
926 2289 1050 2359 montis

74 2409 270 2506 insumpsere
290 2406 397 2480 latus:
410 2431 559 2479 summos
577 2431 640 2479 nee
657 2413 812 2508 praepetis
825 2409 885 2481 aiae

73 2529 193 2602 Platuus
208 2532 279 2603 adit
296 2528 415 2618 colles,
433 2554 497 2599 nec
512 2554 615 2602 rauca
632 2532 782 2602 tonitrua
801 2526 948 2627 pulsant.

73 2654 121 2719 Ast
135 2653 190 2721 ubi
207 2677 316 2748 prona
335 2650 422 2738 dies,
441 2648 559 2749 longos
575 2678 676 2747 super
696 2676 831 2748 aequora
848 2651 930 2720 fines

73 2774 186 2871 Exigit,
206 2790 308 2869 atque
326 2775 445 2870 ingens
460 2773 573 2845 medio
589 2788 684 2843 natat
701 2774 820 2843 umbra
838 2770 1016 2869 profundo.

111 2898 271 2967 lnteriore
287 2896 365 2965 sinu
389 2894 578 2994 frangentia
596 2894 695 2963 litora
713 2908 832 2963 curvat

74 3018 234 3107 Taenaros,
252 3018 420 3112 expositos
439 3040 507 3086 non
524 3015 634 3087 audax
653 3016 814 3086 scandere
831 3016 963 3085 fluctus.

75 3136 263 3235 [iliud-'gano
279 3140 460 3233 Neptunus
476 3139 610 3233 gurgite
626 3137 730 3207 fessos

75 3259 108 3326 In
123 3276 252 3355 portum
271 3258 408 3329 deducit
423 3272 551 3352 equos:
571 3260 666 3355 prior
683 3260 798 3329 haurit
816 3280 933 3329 arenas

75 3380 214 3475 Ungula3
233 3380 394 3475 postremi
415 3377 591 3449 solvuntur
606 3380 642 3448 in
662 3404 797 3473 equora
813 3380 929 3475 pisces.

75 3499 153 3590 Hoc,
169 3518 208 3572 ut
224 3500 329 3588 fama,
346 3499 422 3572 ioco
440 3498 602 3596 pallentes
622 3499 739 3569 devius
759 3500 894 3569 umbras

75 3622 195 3693 Tramer
212 3623 299 3716 agit,
318 3621 475 3717 nigrique
493 3623 584 3691 Iovis
600 3645 705 3692 vacua
722 3623 807 3691 atria
823 3620 908 3693 ditat

75 3743 251 3813 Mortibus:
270 3740 402 3815 Arcadii
420 3742 600 3837 perhibent
616 3743 644 3811 si
661 3755 741 3812 vera
758 3720 885 3830 coloni,

76 3864 190 3935 Suidor
206 3865 271 3955 ibi,
292 3880 327 3935 et
344 3868 488 3961 gemitus
505 3888 700 3959 poenarum,
716 3880 856 3959 atroque
870 3868 1018 3935 tumultu

78 3986 186 4055 Fervet
200 4012 281 4083 ager
298 4014 307 4057 z
324 4010 411 4082 saepe
428 3986 654 4057 Eumenidum
670 4010 852 4081 vocesque,
867 4010 1071 4082 manusque,

764 4158 769 4180 .
905 4108 961 4179 13.
