2934 4950
81 450 185 513 (aaa)
381 449 594 506 rra-unos
615 449 727 505 arana
749 449 797 504 ιιι.
1069 447 1124 514 ιιι,

18 568 19 609 ³
83 574 166 645 Bella
182 574 320 662 animis,
337 571 426 643 bella
440 599 500 644 ore
517 573 689 646 fremunt:
708 575 736 642 it
754 571 882 644 elamor
899 572 943 644 ad
958 595 1075 662 auras,

82 699 233 784 Quantus
247 695 416 790 Tyrrheni
436 697 579 790 gemitus
595 693 691 783 salis,
712 709 774 764 aut
791 695 851 766 ubi
870 708 976 766 tentat

18 894 19 903 χ
82 815 264 886 Enceladus
278 830 410 886 mutare
429 816 517 887 latus
533 844 542 886 ε
558 815 677 912 procul
695 819 814 912 igneus
833 817 940 887 antris

82 941 174 1008 Mons
189 952 306 1026 tonat;
320 937 494 1009 exundant
510 941 636 1036 apices,
655 940 844 1034 fluctusque
861 937 1000 1008 Pelorus
1081 929 1084 936 ’
1135 933 1140 944 ’

18 1056 19 1107 3
83 1059 335 1149 Contrahit,‚et
353 1075 468 1155 sperat
483 1059 582 1130 tellus
601 1060 747 1156 abrupta
765 1061 898 1130 reverti.

126 1185 235 1275 Atque
254 1181 310 1250 hic
327 1183 455 1277 ingenti
475 1185 653 1277 Capaneus
671 1183 837 1252 Mavortis
858 1204 973 1252 amore

84 1303 231 1390 Excitus,
250 1317 285 1372 et
301 1300 439 1398 longam
456 1303 586 1399 pridem
600 1302 811 1398 indignantia
830 1327 944 1396 pacem
987 1307 991 1312 “

84 1423 188 1493 Corda
206 1437 340 1493 tumens
357 1424 456 1520 (huic
472 1423 585 1518 ampla
599 1423 736 1518 quidem
753 1422 795 1492 de
813 1426 978 1522 sanguine
995 1424 1104 1516 prisco

86 1544 243 1614 Nobilitas
263 1571 272 1614 :
291 1545 457 1615 sedenim
475 1546 546 1639 ipse
563 1569 668 1614 manu
688 1569 892 1640 praegressus
908 1569 1048 1616 avarum

86 1670 193 1755 Facta,
206 1664 266 1735 diu
286 1681 363 1736 tuto
381 1670 552 1762 Superum
568 1680 770 1754 contemtor,
788 1680 821 1735 et
840 1671 927 1760 aequi

85 1789 274 1882 lmpatiens,
291 1786 471 1882 largusque
489 1787 628 1877 animoe,
652 1787 754 1857 modo
772 1789 912 1858 suaserit
936 1785 1023 1881 ira),

86 1912 176 1979 Unus
194 1925 234 1978 ut
251 1936 271 1978 e
288 1908 379 1979 silvis
392 1907 536 1980 Pholoes
547 1900 723 1980 ‘habitator
739 1934 867 2002 opacoe,

86 2033 169 2100 Inter
183 2045 217 2099 et
237 2033 382 2100 AEtnaeos
398 2055 515 2125 aequus
530 2054 734 2124 consurgere
755 2029 891 2116 fratres,

87 2160 166 2223 Ante
188 2153 296 2241 sores,
313 2153 373 2222 ubi
391 2152 493 2223 truba
510 2152 651 2240 ducum,
672 2149 833 2247 vulgique
854 2152 1040 2239 frementis,
1101 2161 1103 2168 “

88 2275 295 2369 Amphiarae,
313 2287 409 2355 tuas,
427 2275 541 2362 «Quae
562 2285 655 2343 tanta
671 2275 820 2368 ignavia,
838 2271 975 2360 clamat,

89 2393 270 2464 Inachidae?
289 2417 417 2488 rosque
432 2418 455 2463 o
470 2395 561 2464 socio
583 2392 625 2464 dc
641 2395 805 2489 sanguine
822 2395 960 2482 Achivi,

90 2518 205 2606 Unius,
219 2518 289 2587 heu
304 2513 445 2612 pudeat!
464 2515 595 2612 plebeia
610 2516 654 2585 ad
672 2516 908 2603 liminaaivis,
949 2592 954 2601 ¹
1036 2568 1040 2579 .

90 2639 146 2707 Tot
160 2639 249 2709 ferro
266 2639 424 2711 accinctae
438 2654 573 2735 gentas,
595 2639 782 2735 animisque
802 2654 929 2731 parata

94 2760 285 2831 Parianus?
301 2785 372 2857 noa
388 2762 418 2831 si
434 2762 506 2855 ipse
522 2784 607 2832 caro
626 2760 689 2830 sub
708 2761 834 2831 vertice
855 2756 1009 2855 Cyrrhae,

93 2881 243 2977 Quisquis
260 2884 290 2953 is
306 2898 357 2955 est
373 2881 516 2972 timidis,
535 2883 696 2977 famaeque
713 2883 761 2951 ita
779 2882 886 2967 risus,
904 2876 1026 2977 Apollo

93 3004 227 3099 Mugiat,
246 3005 365 3077 insano
382 3005 515 3099 penitus
535 3003 683 3075 seclusus
703 3004 739 3073 in
757 3016 874 3090 antro,

94 3126 282 3220 Exspectare
299 3151 437 3221 queam,
454 3125 535 3197 dum
552 3123 676 3220 pallida
692 3127 790 3219 virgo
807 3120 996 3193 tremendas

95 3245 223 3318 Nuntiet
244 3248 413 3344 ambages.
432 3248 551 3321 Virtus
566 3246 809 3333 mihinumea,
829 3260 864 3317 et
879 3246 968 3315 ensis
1008 3334 1011 3339 1

96 3366 192 3454 Quem
208 3384 308 3440 teneo
325 3395 334 3438 ι
348 3370 486 3463 jamque
506 3368 573 3439 huc
590 3365 709 3439 timida
723 3390 802 3441 cum
820 3362 938 3439 sraude
952 3369 1108 3439 sacerdos

96 3488 202 3577 Exeat,
222 3504 285 3560 aut
304 3488 406 3559 hodie
421 3488 597 3565 volucrum
617 3513 692 3583 quar
708 3502 801 3561 tanta
822 3502 967 3589 potestas
984 3546 987 3555 ι

98 3608 289 3702 Experiar.»
300 3613 429 3681 Latum
449 3610 578 3697 fremit,
596 3631 799 3703 assensuque
816 3610 981 3679 furentem

98 3726 202 3820 Implet
220 3731 339 3803 Achae
357 3756 502 3801 manus:
523 3728 660 3801 tandem
677 3754 900 3825 prorumpere
918 3729 1058 3804 adactus

99 3849 256 3940 orations,
274 3851 343 3923 alio
358 3876 517 3923 curuum
538 3853 686 3949 agitante
702 3850 876 3924 tumultu:

140 3974 236 4043 «Non
253 3973 410 4068 equidem
426 3974 555 4044 etti-eno
572 3948 706 4069 juvenis
724 3971 871 4051 clamore
889 3972 1037 4068 profani,
1089 3972 1091 3977 ’

100 4090 329 4190 Dictorumque
345 4110 454 4184 metu,
474 4094 551 4166 licet
569 4096 626 4167 hic
641 4097 760 4180 insana
777 4096 938 4184 minetur,
