2934 4950
357 409 410 447 aro
695 389 724 441 P.
748 386 869 442 PUBLII
891 385 1013 442 sTtTn

454 512 507 583 Nil
525 515 634 581 obstat
649 511 798 605 cupidis,
819 509 902 579 nibil
918 525 1076 580 moratur.

451 633 513 702 Sed
528 657 628 726 quam
643 630 709 700 tine
727 632 788 700 viae
805 632 946 700 recentis
964 630 1047 710 imo,

449 754 528 842 Qua
544 766 707 821 monstrat
722 763 850 820 veteres
867 747 987 844 Apollo
1004 751 1146 833 Cumas,

453 872 569 946 albam
586 871 754 956 crinibus,
773 869 952 962 infulisque
969 845 1092 937 cerno?

453 993 534 1062 Visu
549 989 716 1060 fallimur?
731 1015 774 1059 an
791 990 891 1058 sacris
907 990 948 1058 ab
964 991 1068 1058 antris

451 1111 581 1181 Profert
597 1109 803 1180 Chalcidicas
817 1109 943 1204 Sibylla
962 1109 1097 1180 laurus?

455 1232 639 1318 Cedamus3
656 1229 769 1324 chely,
782 1231 853 1325 jam
870 1255 994 1324 repone
1010 1244 1146 1314 cantus;

454 1354 556 1420 Vates
569 1351 712 1419 sanctior
727 1351 860 1444 incipit;
877 1350 1053 1420 tacendum
1066 1364 1125 1418 est.

455 1468 524 1540 En!
546 1485 581 1539 et
595 1468 680 1540 cotta
695 1485 804 1557 rotat,
823 1473 983 1566 novisque
999 1471 1063 1540 late

455 1591 640 1659 Bacchatur
658 1593 793 1684 spatiis,
810 1587 963 1685 viamque
981 1591 1096 1687 replet.

457 1712 552 1779 Tunc
564 1712 611 1779 sic
625 1711 776 1805 virgineo
792 1711 943 1804 profatur
960 1737 1039 1781 ore:

509 1829 718 1918 «Dicebam,
739 1833 848 1900 veniet
869 1831 1022 1926 (manete
1040 1833 1149 1925 campi

457 1954 565 2044 Atque
579 1949 720 2046 amnis),
738 1953 868 2037 veniet,
889 1952 1018 2022 favente
1034 1950 1135 2039 coelo,

460 2071 531 2158 Qui
544 2069 669 2138 foedum
685 2095 804 2140 nemus
819 2085 851 2138 et
866 2085 979 2164 putres
994 2095 1109 2140 arenas

460 2190 562 2262 Celsis
582 2192 759 2286 pontibus,
776 2207 810 2260 et
828 2191 880 2260 via
896 2189 1027 2260 levabit.

460 2309 531 2382 Enl
546 2311 601 2381 bic
615 2326 666 2380 est
680 2315 792 2395 Deus;
808 2312 898 2381 hunc
910 2312 1006 2405 jubet
1020 2312 1126 2382 beatis

460 2435 526 2502 Pro
544 2457 578 2501 se
592 2433 747 2527 Juppiter
762 2433 925 2526 imperare
942 2433 1039 2502 terris
1055 2459 1063 2500 :

460 2554 539 2641 Quo
554 2576 623 2621 non
636 2552 769 2647 dignior
781 2554 841 2621 bas
855 2552 945 2623 subit
961 2552 1106 2622 habenas

457 2678 508 2743 Ex
524 2698 611 2766 quo,
627 2698 682 2741 me
697 2672 801 2760 duce,
818 2674 972 2767 praescios
989 2676 1113 2743 Averni

461 2795 580 2861 AEneas
593 2792 689 2862 avide
704 2793 816 2862 sutura
830 2818 981 2887 quaerens

461 2915 572 2982 Lucos
588 2926 623 2981 et
639 2914 844 3007 penetravit,
864 2929 899 2983 et
915 2913 1059 3007 reliquit.

463 3033 526 3102 Hic
541 3034 613 3127 paci
629 3031 757 3117 bonus,
776 3034 830 3100 hic
849 3033 1014 3103 timendus
1030 3037 1149 3121 armis,

466 3155 597 3222 Natura
613 3150 747 3238 melior,
763 3153 996 3247 patentiorque
1014 3182 1021 3224 :

464 3273 528 3340 Hic
545 3272 571 3340 si
591 3270 804 3339 flammiferos
822 3285 949 3343 teneret
965 3300 1060 3364 axes,

466 3392 603 3486 Largis,
622 3389 739 3479 India,
757 3392 900 3463 nubibus
915 3394 1082 3484 madores,

465 3511 619 3581 Undaret
634 3513 757 3606 Libye,
777 3527 903 3607 teperet
917 3517 1041 3585 AEmus.

514 3632 662 3719 «Salve,
678 3634 747 3703 dux
763 3636 957 3726 hominum,
980 3651 1013 3706 et
1029 3663 1147 3731 parens
1167 3644 1335 3729 Deorum,

467 3757 647 3824 Praevisum
664 3756 769 3843 mihi,
786 3758 1023 3852 cognitumque
1038 3785 1171 3828 numen.

468 3878 540 3947 Nec
554 3877 622 3969 jam
638 3877 791 3970 putribus
806 3875 938 3947 evoluta
954 3879 1075 3949 chartis

470 3994 615 4065 Solemni
629 4020 725 4089 prece
742 3996 944 4085 Quindecim
961 4002 1106 4070 virorum
