2934 4950
363 732 419 836 P.
450 734 507 837 P.
538 734 784 840 STATII

238 1068 916 1250 SILVARUM

420 1463 613 1549 LIBER
645 1466 725 1552 IV.

502 1792 661 1807 κ*

384 2006 446 2071 iu
471 2005 767 2074 mmcnmum.
861 1977 865 1984 ’

83 2225 359 2371 liutitiorum,
382 2283 540 2353 Marcelle
559 2286 748 2374 carissime,
769 2311 866 2380 quem
893 2289 1008 2382 pietati
1034 2304 1095 2360 tue

86 2399 254 2474 lelierrem.
274 2409 364 2474 Reor
381 2403 536 2499 equidem
554 2403 650 2475 aliter
667 2431 768 2501 quam
789 2408 942 2478 invocato
960 2410 1096 2480 numine

91 2525 195 2593 maximi
210 2527 427 2619 Imperatoris
446 2524 577 2595 nullum
597 2526 795 2621 opusculum
819 2552 930 2597 meum
950 2540 1095 2622 coepisse.

86 2642 132 2711 Set
143 2644 193 2715 hic
206 2645 292 2715 liber
309 2660 375 2715 tres
390 2646 500 2715 habet.
517 2648 673 2739 Sequitur
688 2660 825 2739 quarta,
842 2672 914 2740 quae
931 2648 973 2717 ad
992 2648 1097 2717 hono·

86 2786 138 2831 ren
157 2781 251 2836 tuum
277 2767 432 2860 pertinet.
460 2767 573 2835 Primo
595 2780 708 2841 autem
731 2770 909 2861 septi-um
933 2767 1097 2837 decimum

86 2883 251 2955 Germanici
266 2887 373 2954 nostri
389 2884 598 2956 consulatum
614 2887 751 2957 adoravi
767 2912 775 2954 :
794 2886 957 2973 secundo,
977 2889 1098 2983 gratias

87 3005 124 3095 egi
145 3007 365 3077 sacratissimis
389 3008 460 3100 ejus
484 3006 601 3101 Epulis
623 3009 806 3077 honoratus
828 3034 836 3075 :
860 3010 978 3094 tertio,
1000 3010 1098 3077 Viam

87 3124 287 3197 Domitianam
312 3129 450 3198 miratus
474 3153 568 3217 sum,
589 3154 656 3224 qua
675 3130 901 3224 gravissimam
922 3153 1098 3199 arenarum

87 3265 188 3315 moram
216 3249 361 3335 exemit3
390 3241 485 3344 cujus
514 3250 675 3319 beneficio
705 3264 742 3318 tu
773 3274 905 3342 quoque
937 3249 1098 3317 maturius

87 3367 233 3457 epistolam
248 3395 323 3439 cam
338 3372 494 3465 accipies,
511 3395 611 3464 quam
625 3371 687 3439 tibi
701 3372 737 3439 in
750 3370 814 3439 hoc
827 3369 912 3438 libro
926 3366 1098 3462 aNeapoli

87 3487 179 3557 Scribo.
203 3492 397 3559 Proximum
422 3505 471 3560 est
493 3492 650 3585 Lyricum
676 3514 811 3559 carmen
836 3488 877 3557 ad
903 3489 1100 3582 Septimium

87 3605 237 3700 Severum,
253 3613 430 3705 juvenem,
449 3613 499 3680 uti
515 3612 597 3701 scis,
617 3612 704 3680 inter
721 3612 947 3680 ornatissimos
964 3608 1099 3678 secundi

87 3728 207 3819 omnis,
229 3746 325 3801 tuum
348 3732 483 3827 quidem
505 3734 605 3801 etiam
628 3731 915 3827 condiscipulum
939 3732 996 3802 sed
1019 3733 1099 3801 mihi

87 3864 177 3921 contra
189 3854 254 3923 hoc
268 3878 402 3948 quoque
413 3855 469 3948 jus
503 3854 686 3922 arctissime
703 3877 818 3921 carum
833 3879 841 3920 ε
859 3877 937 3920 nam
951 3851 1100 3921 Vindicis

87 3974 168 4040 naui
179 3972 357 4043 Herculem
369 3975 620 4069 Epitrapezion,
632 3972 814 4042 secundum
826 3974 988 4042 honorem
1001 3996 1100 4066 quem

87 4083 117 4155 (lt
131 4117 194 4182 me,
211 4110 244 4164 et
262 4094 305 4164 de
323 4096 402 4189 ipsis
419 4094 535 4164 studiis
555 4108 716 4184 meretur,
739 4098 902 4188 imputare
921 4094 1020 4161 etiam
1041 4092 1101 4159 tibi

922 4238 952 4307 7.
