<?xml version="1.0" encoding="UTF-8"?>
<!DOCTYPE html PUBLIC "-//W3C//DTD XHTML 1.0 Transitional//EN"
    "http://www.w3.org/TR/xhtml1/DTD/xhtml1-transitional.dtd">
<html xmlns="http://www.w3.org/1999/xhtml" xml:lang="en" lang="en">
 <head>
  <title>
</title>
<meta http-equiv="Content-Type" content="text/html;charset=utf-8" />
  <meta name='ocr-system' content='tesseract 3.04.00' />
  <meta name='ocr-capabilities' content='ocr_page ocr_carea ocr_par ocr_line ocrx_word'/>
</head>
<body>
  <div class='ocr_page' id='page_1' title='image "./operaquaeextant01dbgoog_0020.png"; bbox 0 0 2934 4950; ppageno 0'>
   <div class='ocr_carea' id='block_1_1' title="bbox 393 507 1131 586">
    <p class='ocr_par' dir='ltr' id='par_1_1' title="bbox 393 507 1131 586">
     <span class='ocr_line' id='line_1_1' title="bbox 393 507 1131 586; baseline 0.005 -21"><span class='ocrx_word' id='word_1_1' title='bbox 393 507 815 566; x_wconf 78' lang='lat' dir='ltr'>nonrmnn&#39;rnnann.</span> <span class='ocrx_word' id='word_1_2' title='bbox 1102 515 1131 586; x_wconf 66' lang='lat' dir='ltr'>xj</span> 
     </span>
    </p>
   </div>
   <div class='ocr_carea' id='block_1_2' title="bbox 3 635 1133 3405">
    <p class='ocr_par' dir='ltr' id='par_1_2' title="bbox 80 635 1133 1582">
     <span class='ocr_line' id='line_1_2' title="bbox 81 635 1131 730; baseline 0.001 -23"><span class='ocrx_word' id='word_1_3' title='bbox 81 639 165 707; x_wconf 91' lang='lat' dir='ltr'>dicis</span> <span class='ocrx_word' id='word_1_4' title='bbox 183 635 423 730; x_wconf 80' lang='lat' dir='ltr'>Ilbedigerani</span> <span class='ocrx_word' id='word_1_5' title='bbox 445 636 513 704; x_wconf 88' lang='lat' dir='ltr'>sive</span> <span class='ocrx_word' id='word_1_6' title='bbox 539 636 821 706; x_wconf 67' lang='lat' dir='ltr'>Vratislavtienstl</span> <span class='ocrx_word' id='word_1_7' title='bbox 837 659 910 706; x_wconf 77' lang='lat' dir='ltr'>saec.</span> <span class='ocrx_word' id='word_1_8' title='bbox 932 663 990 707; x_wconf 80' lang='lat' dir='ltr'>xiv</span> <span class='ocrx_word' id='word_1_9' title='bbox 1011 639 1045 706; x_wconf 89' lang='lat' dir='ltr'>in</span> <span class='ocrx_word' id='word_1_10' title='bbox 1065 639 1131 710; x_wconf 79' lang='lat' dir='ltr'>Sil-</span> 
     </span>
     <span class='ocr_line' id='line_1_3' title="bbox 81 755 1133 855; baseline 0.004 -29"><span class='ocrx_word' id='word_1_11' title='bbox 81 759 155 854; x_wconf 76' lang='lat' dir='ltr'>lign&#39;</span> <span class='ocrx_word' id='word_1_12' title='bbox 169 759 372 853; x_wconf 78' lang='lat' dir='ltr'>repetitione</span> <span class='ocrx_word' id='word_1_13' title='bbox 394 755 551 827; x_wconf 83' lang='lat' dir='ltr'>editionis</span> <span class='ocrx_word' id='word_1_14' title='bbox 570 756 850 847; x_wconf 76' lang='lat' dir='ltr'>Marklandianae,</span> <span class='ocrx_word' id='word_1_15' title='bbox 867 783 901 854; x_wconf 88' lang='lat' dir='ltr'>p.</span> <span class='ocrx_word' id='word_1_16' title='bbox 924 783 964 830; x_wconf 80' lang='lat' dir='ltr'>ai</span> <span class='ocrx_word' id='word_1_17' title='bbox 991 785 1081 855; x_wconf 62' lang='lat' dir='ltr'>sqq„</span> <span class='ocrx_word' id='word_1_18' title='bbox 1099 776 1133 830; x_wconf 91' lang='lat' dir='ltr'>et</span> 
     </span>
     <span class='ocr_line' id='line_1_4' title="bbox 85 860 1131 976; baseline 0.001 -27"><span class='ocrx_word' id='word_1_19' title='bbox 85 881 294 949; x_wconf 72' lang='lat' dir='ltr'>Parisiensis</span> <span class='ocrx_word' id='word_1_20' title='bbox 311 879 395 948; x_wconf 87' lang='lat' dir='ltr'>anni</span> <span class='ocrx_word' id='word_1_21' title='bbox 426 878 607 975; x_wconf 71' lang='lat' dir='ltr'>147o(qui</span> <span class='ocrx_word' id='word_1_22' title='bbox 626 878 749 948; x_wconf 84' lang='lat' dir='ltr'>desinit</span> <span class='ocrx_word' id='word_1_23' title='bbox 769 881 803 946; x_wconf 92' lang='lat' dir='ltr'>in</span> <span class='ocrx_word' id='word_1_24' title='bbox 818 903 859 968; x_wconf 78' lang='lat' dir='ltr'>r,</span> <span class='ocrx_word' id='word_1_25' title='bbox 882 903 919 967; x_wconf 78' lang='lat' dir='ltr'>o,</span> <span class='ocrx_word' id='word_1_26' title='bbox 938 904 970 950; x_wconf 83' lang='lat' dir='ltr'>v.</span> <span class='ocrx_word' id='word_1_27' title='bbox 992 860 1079 976; x_wconf 67' lang='lat'>257)</span> <span class='ocrx_word' id='word_1_28' title='bbox 1096 883 1131 950; x_wconf 92' lang='lat' dir='ltr'>in</span> 
     </span>
     <span class='ocr_line' id='line_1_5' title="bbox 80 998 1132 1096; baseline 0 -26"><span class='ocrx_word' id='word_1_29' title='bbox 80 1000 129 1070; x_wconf 73' lang='lat' dir='ltr'>ert</span> <span class='ocrx_word' id='word_1_30' title='bbox 159 1003 339 1087; x_wconf 69' lang='lat' dir='ltr'>marii,</span> <span class='ocrx_word' id='word_1_31' title='bbox 368 1023 463 1094; x_wconf 75' lang='lat' dir='ltr'>aque</span> <span class='ocrx_word' id='word_1_32' title='bbox 483 1002 658 1094; x_wconf 88' lang='lat' dir='ltr'>utriusque</span> <span class='ocrx_word' id='word_1_33' title='bbox 684 998 886 1096; x_wconf 87' lang='lat' dir='ltr'>interpolati.</span> <span class='ocrx_word' id='word_1_34' title='bbox 913 1001 987 1072; x_wconf 83' lang='lat' dir='ltr'>Alia</span> <span class='ocrx_word' id='word_1_35' title='bbox 1010 1000 1132 1072; x_wconf 89' lang='lat' dir='ltr'>solum·</span> 
     </span>
     <span class='ocr_line' id='line_1_6' title="bbox 82 1121 1133 1216; baseline 0.001 -26"><span class='ocrx_word' id='word_1_36' title='bbox 82 1121 184 1191; x_wconf 91' lang='lat' dir='ltr'>modo</span> <span class='ocrx_word' id='word_1_37' title='bbox 202 1121 247 1191; x_wconf 92' lang='lat' dir='ltr'>ad</span> <span class='ocrx_word' id='word_1_38' title='bbox 268 1123 334 1190; x_wconf 86' lang='lat' dir='ltr'>tria</span> <span class='ocrx_word' id='word_1_39' title='bbox 348 1123 464 1216; x_wconf 88' lang='lat' dir='ltr'>priora</span> <span class='ocrx_word' id='word_1_40' title='bbox 478 1124 691 1216; x_wconf 84' lang='lat' dir='ltr'>carminaap.</span> <span class='ocrx_word' id='word_1_41' title='bbox 710 1122 891 1192; x_wconf 89' lang='lat' dir='ltr'>Handium.</span> <span class='ocrx_word' id='word_1_42' title='bbox 906 1123 976 1214; x_wconf 89' lang='lat' dir='ltr'>Qui</span> <span class='ocrx_word' id='word_1_43' title='bbox 994 1125 1028 1191; x_wconf 90' lang='lat' dir='ltr'>in</span> <span class='ocrx_word' id='word_1_44' title='bbox 1049 1128 1083 1192; x_wconf 84' lang='lat' dir='ltr'><em>V</em></span> <span class='ocrx_word' id='word_1_45' title='bbox 1085 1125 1133 1191; x_wconf 83' lang='lat' dir='ltr'>ia·</span> 
     </span>
     <span class='ocr_line' id='line_1_7' title="bbox 80 1241 1132 1319; baseline 0.003 -6"><span class='ocrx_word' id='word_1_46' title='bbox 80 1242 271 1313; x_wconf 80' lang='lat' dir='ltr'>dobonensi</span> <span class='ocrx_word' id='word_1_47' title='bbox 287 1241 492 1314; x_wconf 83' lang='lat' dir='ltr'>bibliotheca</span> <span class='ocrx_word' id='word_1_48' title='bbox 512 1259 664 1314; x_wconf 86' lang='lat' dir='ltr'>servatur</span> <span class='ocrx_word' id='word_1_49' title='bbox 685 1245 712 1313; x_wconf 91' lang='lat' dir='ltr'>si</span> <span class='ocrx_word' id='word_1_50' title='bbox 732 1269 772 1313; x_wconf 85' lang='lat' dir='ltr'>ex</span> <span class='ocrx_word' id='word_1_51' title='bbox 797 1244 943 1314; x_wconf 86' lang='lat' dir='ltr'>Budensi</span> <span class='ocrx_word' id='word_1_52' title='bbox 969 1260 1020 1319; x_wconf 81' lang='lat' dir='ltr'>est</span> <span class='ocrx_word' id='word_1_53' title='bbox 1036 1244 1132 1316; x_wconf 72' lang='lat' dir='ltr'>deri·</span> 
     </span>
     <span class='ocr_line' id='line_1_8' title="bbox 81 1340 1132 1460; baseline 0.002 -28"><span class='ocrx_word' id='word_1_54' title='bbox 81 1362 232 1451; x_wconf 84' lang='lat' dir='ltr'>raudus,</span> <span class='ocrx_word' id='word_1_55' title='bbox 261 1363 353 1458; x_wconf 92' lang='lat' dir='ltr'>quod</span> <span class='ocrx_word' id='word_1_56' title='bbox 381 1364 471 1434; x_wconf 89' lang='lat' dir='ltr'>credi</span> <span class='ocrx_word' id='word_1_57' title='bbox 502 1363 581 1434; x_wconf 88' lang='lat' dir='ltr'>licet</span> <span class='ocrx_word' id='word_1_58' title='bbox 606 1389 645 1434; x_wconf 84' lang='lat' dir='ltr'>cx</span> <span class='ocrx_word' id='word_1_59' title='bbox 670 1364 847 1460; x_wconf 74' lang='lat' dir='ltr'>adscriptis</span> <span class='ocrx_word' id='word_1_60' title='bbox 873 1367 904 1434; x_wconf 89' lang='lat' dir='ltr'>ei</span> <span class='ocrx_word' id='word_1_61' title='bbox 932 1340 1040 1452; x_wconf 85' lang='lat' dir='ltr'>notis,</span> <span class='ocrx_word' id='word_1_62' title='bbox 1066 1364 1132 1434; x_wconf 88' lang='lat' dir='ltr'>alia</span> 
     </span>
     <span class='ocr_line' id='line_1_9' title="bbox 80 1484 855 1582; baseline 0 -28"><span class='ocrx_word' id='word_1_63' title='bbox 80 1485 180 1554; x_wconf 81' lang='lat' dir='ltr'>etiam</span> <span class='ocrx_word' id='word_1_64' title='bbox 197 1500 330 1555; x_wconf 84' lang='lat' dir='ltr'>servata</span> <span class='ocrx_word' id='word_1_65' title='bbox 347 1500 397 1555; x_wconf 87' lang='lat' dir='ltr'>est</span> <span class='ocrx_word' id='word_1_66' title='bbox 416 1484 541 1556; x_wconf 81' lang='lat' dir='ltr'>familia</span> <span class='ocrx_word' id='word_1_67' title='bbox 557 1510 659 1582; x_wconf 88' lang='lat' dir='ltr'>quam</span> <span class='ocrx_word' id='word_1_68' title='bbox 674 1488 855 1581; x_wconf 79' lang='lat' dir='ltr'>Poggiana.</span> 
     </span>
    </p>

    <p class='ocr_par' dir='ltr' id='par_1_3' title="bbox 3 1605 1132 3405">
     <span class='ocr_line' id='line_1_10' title="bbox 125 1605 1129 1702; baseline 0.004 -28"><span class='ocrx_word' id='word_1_69' title='bbox 125 1608 173 1674; x_wconf 93' lang='grc' dir='ltr'>Π.</span> <span class='ocrx_word' id='word_1_70' title='bbox 199 1609 407 1677; x_wconf 78' lang='lat' dir='ltr'>Tmsmos</span> <span class='ocrx_word' id='word_1_71' title='bbox 429 1605 583 1676; x_wconf 90' lang='lat' dir='ltr'>codicum</span> <span class='ocrx_word' id='word_1_72' title='bbox 604 1609 721 1701; x_wconf 85' lang='lat' dir='ltr'>ingens</span> <span class='ocrx_word' id='word_1_73' title='bbox 742 1610 839 1702; x_wconf 82' lang='lat' dir='ltr'>copia</span> <span class='ocrx_word' id='word_1_74' title='bbox 860 1607 896 1678; x_wconf 91' lang='lat' dir='ltr'>in</span> <span class='ocrx_word' id='word_1_75' title='bbox 919 1607 1129 1678; x_wconf 84' lang='lat' dir='ltr'>bibliothecis</span> 
     </span>
     <span class='ocr_line' id='line_1_11' title="bbox 78 1729 1132 1824; baseline 0.004 -28"><span class='ocrx_word' id='word_1_76' title='bbox 78 1741 246 1814; x_wconf 82' lang='lat' dir='ltr'>servatur,</span> <span class='ocrx_word' id='word_1_77' title='bbox 273 1753 418 1822; x_wconf 88' lang='lat' dir='ltr'>quorum</span> <span class='ocrx_word' id='word_1_78' title='bbox 438 1731 591 1798; x_wconf 83' lang='lat' dir='ltr'>notitiam</span> <span class='ocrx_word' id='word_1_79' title='bbox 618 1745 695 1824; x_wconf 89' lang='lat' dir='ltr'>pete</span> <span class='ocrx_word' id='word_1_80' title='bbox 717 1755 757 1798; x_wconf 80' lang='lat' dir='ltr'>ex</span> <span class='ocrx_word' id='word_1_81' title='bbox 784 1732 945 1800; x_wconf 67' lang='lat' dir='ltr'>umam</span> <span class='ocrx_word' id='word_1_82' title='bbox 965 1729 1132 1824; x_wconf 80' lang='lat' dir='ltr'>catalogis</span> 
     </span>
     <span class='ocr_line' id='line_1_12' title="bbox 80 1852 1128 1948; baseline 0.003 -30"><span class='ocrx_word' id='word_1_83' title='bbox 80 1855 404 1947; x_wconf 82' lang='lat' dir='ltr'>manuscriptorum,</span> <span class='ocrx_word' id='word_1_84' title='bbox 428 1852 594 1945; x_wconf 80' lang='lat' dir='ltr'>Catalogo</span> <span class='ocrx_word' id='word_1_85' title='bbox 616 1855 733 1944; x_wconf 79' lang='lat' dir='ltr'>Regt’ae</span> <span class='ocrx_word' id='word_1_86' title='bbox 751 1852 957 1922; x_wconf 71' lang='lat' dir='ltr'>Paristcnsr&#39;s</span> <span class='ocrx_word' id='word_1_87' title='bbox 976 1853 1060 1948; x_wconf 81' lang='lat' dir='ltr'>(sive</span> <span class='ocrx_word' id='word_1_88' title='bbox 1076 1852 1128 1922; x_wconf 89' lang='lat' dir='ltr'>ed.</span> 
     </span>
     <span class='ocr_line' id='line_1_13' title="bbox 81 1969 1130 2067; baseline 0.002 -27"><span class='ocrx_word' id='word_1_89' title='bbox 81 1973 238 2058; x_wconf 65' lang='lat' dir='ltr'>temen,</span> <span class='ocrx_word' id='word_1_90' title='bbox 256 1969 323 2040; x_wconf 90' lang='lat' dir='ltr'>vol.</span> <span class='ocrx_word' id='word_1_91' title='bbox 343 1995 395 2057; x_wconf 82' lang='lat' dir='ltr'>iv,</span> <span class='ocrx_word' id='word_1_92' title='bbox 415 1996 448 2065; x_wconf 91' lang='lat' dir='ltr'>p.</span> <span class='ocrx_word' id='word_1_93' title='bbox 468 1970 591 2060; x_wconf 60' lang='lat'><strong>6264,</strong></span> <span class='ocrx_word' id='word_1_94' title='bbox 612 1973 670 2067; x_wconf 92' lang='lat' dir='ltr'>qui</span> <span class='ocrx_word' id='word_1_95' title='bbox 689 1987 722 2042; x_wconf 90' lang='lat' dir='ltr'>et</span> <span class='ocrx_word' id='word_1_96' title='bbox 738 1973 950 2042; x_wconf 87' lang='lat' dir='ltr'>Britannicos</span> <span class='ocrx_word' id='word_1_97' title='bbox 969 1971 1067 2066; x_wconf 86' lang='lat' dir='ltr'>plene</span> <span class='ocrx_word' id='word_1_98' title='bbox 1081 1998 1130 2042; x_wconf 88' lang='lat' dir='ltr'>re-</span> 
     </span>
     <span class='ocr_line' id='line_1_14' title="bbox 80 2089 1128 2190; baseline 0.003 -29"><span class='ocrx_word' id='word_1_99' title='bbox 80 2108 209 2182; x_wconf 85' lang='lat' dir='ltr'>censet,</span> <span class='ocrx_word' id='word_1_100' title='bbox 221 2119 257 2190; x_wconf 88' lang='lat' dir='ltr'>p.</span> <span class='ocrx_word' id='word_1_101' title='bbox 276 2089 415 2186; x_wconf 81' lang='grc'>56-61),</span> <span class='ocrx_word' id='word_1_102' title='bbox 434 2093 550 2164; x_wconf 86' lang='lat' dir='ltr'>Eberti</span> <span class='ocrx_word' id='word_1_103' title='bbox 561 2093 717 2188; x_wconf 78' lang='lat' dir='ltr'>catalogo</span> <span class='ocrx_word' id='word_1_104' title='bbox 730 2096 832 2165; x_wconf 88' lang='lat' dir='ltr'><em>MSS.</em></span> <span class='ocrx_word' id='word_1_105' title='bbox 847 2092 1128 2188; x_wconf 73' lang='lat' dir='ltr'>Guelferbytano·</span> 
     </span>
     <span class='ocr_line' id='line_1_15' title="bbox 82 2209 1130 2310; baseline 0.003 -29"><span class='ocrx_word' id='word_1_106' title='bbox 82 2237 211 2310; x_wconf 82' lang='lat' dir='ltr'>mm‚p.</span> <span class='ocrx_word' id='word_1_107' title='bbox 238 2209 304 2308; x_wconf 80' lang='lat'>157</span> <span class='ocrx_word' id='word_1_108' title='bbox 324 2238 395 2306; x_wconf 60' lang='lat' dir='ltr'>sq„</span> <span class='ocrx_word' id='word_1_109' title='bbox 410 2227 445 2282; x_wconf 91' lang='lat' dir='ltr'>et</span> <span class='ocrx_word' id='word_1_110' title='bbox 458 2212 541 2284; x_wconf 83' lang='lat' dir='ltr'>aliis.</span> <span class='ocrx_word' id='word_1_111' title='bbox 562 2213 627 2284; x_wconf 89' lang='lat' dir='ltr'>Sed</span> <span class='ocrx_word' id='word_1_112' title='bbox 641 2241 698 2284; x_wconf 90' lang='lat' dir='ltr'>eos</span> <span class='ocrx_word' id='word_1_113' title='bbox 715 2238 900 2284; x_wconf 78' lang='lat' dir='ltr'>memorare</span> <span class='ocrx_word' id='word_1_114' title='bbox 909 2229 1062 2284; x_wconf 88' lang='lat' dir='ltr'>nostrum</span> <span class='ocrx_word' id='word_1_115' title='bbox 1080 2229 1130 2284; x_wconf 82' lang='lat' dir='ltr'>est</span> 
     </span>
     <span class='ocr_line' id='line_1_16' title="bbox 82 2333 1130 2430; baseline 0.003 -27"><span class='ocrx_word' id='word_1_116' title='bbox 82 2335 199 2427; x_wconf 87' lang='lat' dir='ltr'>quihus</span> <span class='ocrx_word' id='word_1_117' title='bbox 208 2333 357 2404; x_wconf 86' lang='lat' dir='ltr'>editores</span> <span class='ocrx_word' id='word_1_118' title='bbox 373 2336 425 2404; x_wconf 88' lang='lat' dir='ltr'>usi</span> <span class='ocrx_word' id='word_1_119' title='bbox 442 2351 530 2406; x_wconf 85' lang='lat' dir='ltr'>sunt</span> <span class='ocrx_word' id='word_1_120' title='bbox 547 2339 678 2430; x_wconf 79' lang='lat' dir='ltr'>hgmen</span> <span class='ocrx_word' id='word_1_121' title='bbox 693 2337 788 2407; x_wconf 90' lang='lat' dir='ltr'>ducit</span> <span class='ocrx_word' id='word_1_122' title='bbox 802 2338 1054 2430; x_wconf 87' lang='lat' dir='ltr'>antiquissimus</span> <span class='ocrx_word' id='word_1_123' title='bbox 1074 2335 1130 2407; x_wconf 88' lang='lat' dir='ltr'>ille</span> 
     </span>
     <span class='ocr_line' id='line_1_17' title="bbox 84 2455 1127 2553; baseline 0.003 -29"><span class='ocrx_word' id='word_1_124' title='bbox 84 2457 275 2553; x_wconf 85' lang='lat' dir='ltr'>etoptimus</span> <span class='ocrx_word' id='word_1_125' title='bbox 293 2455 443 2547; x_wconf 79' lang='lat' dir='ltr'>barthii,</span> <span class='ocrx_word' id='word_1_126' title='bbox 456 2459 515 2553; x_wconf 91' lang='lat' dir='ltr'>qui</span> <span class='ocrx_word' id='word_1_127' title='bbox 534 2456 681 2553; x_wconf 88' lang='lat' dir='ltr'>reliquos</span> <span class='ocrx_word' id='word_1_128' title='bbox 696 2483 811 2529; x_wconf 90' lang='lat' dir='ltr'>omnes</span> <span class='ocrx_word' id='word_1_129' title='bbox 829 2456 931 2551; x_wconf 82' lang='lat' dir='ltr'>longo</span> <span class='ocrx_word' id='word_1_130' title='bbox 952 2455 1127 2529; x_wconf 84' lang='lat' dir='ltr'>intervallo</span> 
     </span>
     <span class='ocr_line' id='line_1_18' title="bbox 84 2575 1128 2673; baseline 0.001 -27"><span class='ocrx_word' id='word_1_131' title='bbox 84 2591 153 2669; x_wconf 86' lang='lat' dir='ltr'>post</span> <span class='ocrx_word' id='word_1_132' title='bbox 167 2602 203 2647; x_wconf 91' lang='lat' dir='ltr'>se</span> <span class='ocrx_word' id='word_1_133' title='bbox 215 2575 381 2673; x_wconf 80' lang='lat' dir='ltr'>relinquit</span> <span class='ocrx_word' id='word_1_134' title='bbox 398 2603 407 2647; x_wconf 71' lang='grc' dir='ltr'><strong><em>ε</em></strong></span> <span class='ocrx_word' id='word_1_135' title='bbox 424 2577 516 2648; x_wconf 92' lang='lat' dir='ltr'>hunc</span> <span class='ocrx_word' id='word_1_136' title='bbox 532 2582 736 2651; x_wconf 84' lang='lat' dir='ltr'>recensionis</span> <span class='ocrx_word' id='word_1_137' title='bbox 749 2604 844 2650; x_wconf 79' lang='lat' dir='ltr'>novae</span> <span class='ocrx_word' id='word_1_138' title='bbox 853 2578 995 2649; x_wconf 83' lang='lat' dir='ltr'>fundum</span> <span class='ocrx_word' id='word_1_139' title='bbox 1012 2578 1128 2647; x_wconf 83' lang='lat' dir='ltr'>haberi</span> 
     </span>
     <span class='ocr_line' id='line_1_19' title="bbox 84 2698 1129 2793; baseline 0.003 -27"><span class='ocrx_word' id='word_1_140' title='bbox 84 2714 231 2793; x_wconf 85' lang='lat' dir='ltr'>oportet,</span> <span class='ocrx_word' id='word_1_141' title='bbox 251 2714 291 2769; x_wconf 92' lang='lat' dir='ltr'>ut</span> <span class='ocrx_word' id='word_1_142' title='bbox 308 2700 507 2769; x_wconf 84' lang='lat' dir='ltr'>Bembinum</span> <span class='ocrx_word' id='word_1_143' title='bbox 525 2702 561 2771; x_wconf 89' lang='lat' dir='ltr'>in</span> <span class='ocrx_word' id='word_1_144' title='bbox 585 2704 758 2791; x_wconf 87' lang='lat' dir='ltr'>Terentio;</span> <span class='ocrx_word' id='word_1_145' title='bbox 779 2726 849 2771; x_wconf 92' lang='lat' dir='ltr'>non</span> <span class='ocrx_word' id='word_1_146' title='bbox 874 2699 967 2793; x_wconf 89' lang='lat' dir='ltr'>quod</span> <span class='ocrx_word' id='word_1_147' title='bbox 982 2698 1067 2769; x_wconf 88' lang='lat' dir='ltr'>liber</span> <span class='ocrx_word' id='word_1_148' title='bbox 1086 2701 1129 2769; x_wconf 89' lang='lat' dir='ltr'>sit</span> 
     </span>
     <span class='ocr_line' id='line_1_20' title="bbox 81 2820 1128 2917; baseline 0 -28"><span class='ocrx_word' id='word_1_149' title='bbox 81 2820 121 2889; x_wconf 85' lang='lat' dir='ltr'>ab</span> <span class='ocrx_word' id='word_1_150' title='bbox 145 2820 408 2917; x_wconf 83' lang='lat' dir='ltr'>interpolatione</span> <span class='ocrx_word' id='word_1_151' title='bbox 435 2821 487 2893; x_wconf 84' lang='lat' dir='ltr'>vel</span> <span class='ocrx_word' id='word_1_152' title='bbox 512 2848 624 2894; x_wconf 89' lang='lat' dir='ltr'>errore</span> <span class='ocrx_word' id='word_1_153' title='bbox 651 2826 761 2911; x_wconf 88' lang='lat' dir='ltr'>omni,</span> <span class='ocrx_word' id='word_1_154' title='bbox 786 2822 844 2892; x_wconf 87' lang='lat' dir='ltr'>sed</span> <span class='ocrx_word' id='word_1_155' title='bbox 873 2821 964 2915; x_wconf 90' lang='lat' dir='ltr'>quod</span> <span class='ocrx_word' id='word_1_156' title='bbox 990 2846 1128 2891; x_wconf 88' lang='lat' dir='ltr'>manum</span> 
     </span>
     <span class='ocr_line' id='line_1_21' title="bbox 83 2940 1128 3037; baseline -0.001 -25"><span class='ocrx_word' id='word_1_157' title='bbox 83 2956 181 3035; x_wconf 76' lang='lat' dir='ltr'>poeta</span> <span class='ocrx_word' id='word_1_158' title='bbox 200 2942 305 3036; x_wconf 82' lang='lat' dir='ltr'>longe</span> <span class='ocrx_word' id='word_1_159' title='bbox 323 2941 477 3037; x_wconf 86' lang='lat' dir='ltr'>plurimis</span> <span class='ocrx_word' id='word_1_160' title='bbox 497 2945 533 3015; x_wconf 91' lang='lat' dir='ltr'>in</span> <span class='ocrx_word' id='word_1_161' title='bbox 551 2943 631 3014; x_wconf 90' lang='lat' dir='ltr'>locis</span> <span class='ocrx_word' id='word_1_162' title='bbox 648 2944 821 3015; x_wconf 86' lang='lat' dir='ltr'>evidenter</span> <span class='ocrx_word' id='word_1_163' title='bbox 837 2956 946 3013; x_wconf 86' lang='lat' dir='ltr'>servat</span> <span class='ocrx_word' id='word_1_164' title='bbox 969 2968 978 3011; x_wconf 74' lang='grc' dir='ltr'><strong><em>ε</em></strong></span> <span class='ocrx_word' id='word_1_165' title='bbox 1004 2943 1040 3011; x_wconf 91' lang='lat' dir='ltr'>in</span> <span class='ocrx_word' id='word_1_166' title='bbox 1057 2940 1128 3011; x_wconf 87' lang='lat' dir='ltr'>tali·</span> 
     </span>
     <span class='ocr_line' id='line_1_22' title="bbox 85 3060 1129 3161; baseline 0.003 -32"><span class='ocrx_word' id='word_1_167' title='bbox 85 3060 141 3132; x_wconf 85' lang='lat' dir='ltr'>bus</span> <span class='ocrx_word' id='word_1_168' title='bbox 155 3090 238 3135; x_wconf 87' lang='lat' dir='ltr'>vero</span> <span class='ocrx_word' id='word_1_169' title='bbox 256 3065 494 3161; x_wconf 84' lang='lat' dir='ltr'>manuscriptis</span> <span class='ocrx_word' id='word_1_170' title='bbox 513 3068 714 3137; x_wconf 82' lang='lat' dir='ltr'>mutationes</span> <span class='ocrx_word' id='word_1_171' title='bbox 729 3093 751 3136; x_wconf 92' lang='lat' dir='ltr'>a</span> <span class='ocrx_word' id='word_1_172' title='bbox 768 3065 948 3136; x_wconf 91' lang='lat' dir='ltr'>lectoribus</span> <span class='ocrx_word' id='word_1_173' title='bbox 965 3063 1018 3133; x_wconf 86' lang='lat' dir='ltr'>vel</span> <span class='ocrx_word' id='word_1_174' title='bbox 1036 3064 1129 3134; x_wconf 90' lang='lat' dir='ltr'>criti·</span> 
     </span>
     <span class='ocr_line' id='line_1_23' title="bbox 3 3184 1129 3283; baseline 0 -30"><span class='ocrx_word' id='word_1_175' title='bbox 3 3232 4 3273; x_wconf 55' lang='lat'>3</span> <span class='ocrx_word' id='word_1_176' title='bbox 86 3185 129 3253; x_wconf 84' lang='lat' dir='ltr'>cis</span> <span class='ocrx_word' id='word_1_177' title='bbox 139 3184 233 3257; x_wconf 71' lang='lat' dir='ltr'>facte</span> <span class='ocrx_word' id='word_1_178' title='bbox 249 3186 359 3256; x_wconf 90' lang='lat' dir='ltr'>multo</span> <span class='ocrx_word' id='word_1_179' title='bbox 375 3184 505 3257; x_wconf 86' lang='lat' dir='ltr'>facilius</span> <span class='ocrx_word' id='word_1_180' title='bbox 521 3186 830 3283; x_wconf 86' lang='lat' dir='ltr'>deprehenduntur,</span> <span class='ocrx_word' id='word_1_181' title='bbox 847 3212 948 3280; x_wconf 90' lang='lat' dir='ltr'>quam</span> <span class='ocrx_word' id='word_1_182' title='bbox 965 3186 1000 3254; x_wconf 91' lang='lat' dir='ltr'>in</span> <span class='ocrx_word' id='word_1_183' title='bbox 1017 3209 1129 3255; x_wconf 87' lang='lat' dir='ltr'>recen·</span> 
     </span>
     <span class='ocr_line' id='line_1_24' title="bbox 3 3302 1128 3405; baseline 0.001 -31"><span class='ocrx_word' id='word_1_184' title='bbox 3 3302 4 3307; x_wconf 59' lang='grc'>’</span> <span class='ocrx_word' id='word_1_185' title='bbox 87 3307 236 3393; x_wconf 79' lang='lat' dir='ltr'>fioribus,</span> <span class='ocrx_word' id='word_1_186' title='bbox 256 3308 318 3401; x_wconf 92' lang='lat' dir='ltr'>qui</span> <span class='ocrx_word' id='word_1_187' title='bbox 337 3323 434 3396; x_wconf 90' lang='lat' dir='ltr'>sunt,</span> <span class='ocrx_word' id='word_1_188' title='bbox 455 3322 493 3378; x_wconf 88' lang='lat' dir='ltr'>ut</span> <span class='ocrx_word' id='word_1_189' title='bbox 508 3308 550 3379; x_wconf 89' lang='lat' dir='ltr'>de</span> <span class='ocrx_word' id='word_1_190' title='bbox 566 3324 678 3378; x_wconf 88' lang='lat' dir='ltr'>vetere</span> <span class='ocrx_word' id='word_1_191' title='bbox 694 3308 797 3405; x_wconf 89' lang='lat' dir='ltr'>pallio</span> <span class='ocrx_word' id='word_1_192' title='bbox 815 3306 1013 3378; x_wconf 86' lang='lat' dir='ltr'>Theocritus</span> <span class='ocrx_word' id='word_1_193' title='bbox 1031 3306 1128 3390; x_wconf 85' lang='lat' dir='ltr'>dicit,</span> 
     </span>
    </p>
   </div>
   <div class='ocr_carea' id='block_1_3' title="bbox 4 3416 1132 4248">
    <p class='ocr_par' dir='ltr' id='par_1_4' title="bbox 4 3416 1132 4248">
     <span class='ocr_line' id='line_1_25' title="bbox 85 3416 1129 3527; baseline 0.001 -31"><span class='ocrx_word' id='word_1_194' title='bbox 85 3416 169 3515; x_wconf 67' lang='grc' dir='ltr'><strong><em>ἔργον</em></strong></span> <span class='ocrx_word' id='word_1_195' title='bbox 183 3426 227 3499; x_wconf 76' lang='grc' dir='ltr'>ἐπ’</span> <span class='ocrx_word' id='word_1_196' title='bbox 248 3420 347 3519; x_wconf 63' lang='grc' dir='ltr'><strong><em>ἔργῳ.</em></strong></span> <span class='ocrx_word' id='word_1_197' title='bbox 366 3429 474 3521; x_wconf 89' lang='lat' dir='ltr'>Hujus</span> <span class='ocrx_word' id='word_1_198' title='bbox 493 3430 597 3524; x_wconf 81' lang='lat' dir='ltr'>igitur</span> <span class='ocrx_word' id='word_1_199' title='bbox 608 3456 672 3527; x_wconf 87' lang='lat' dir='ltr'>ope</span> <span class='ocrx_word' id='word_1_200' title='bbox 696 3432 838 3519; x_wconf 86' lang='lat' dir='ltr'>codicis,</span> <span class='ocrx_word' id='word_1_201' title='bbox 856 3454 876 3498; x_wconf 89' lang='lat' dir='ltr'>a</span> <span class='ocrx_word' id='word_1_202' title='bbox 891 3428 1031 3499; x_wconf 83' lang='lat' dir='ltr'>Barthio</span> <span class='ocrx_word' id='word_1_203' title='bbox 1050 3430 1129 3497; x_wconf 88' lang='lat' dir='ltr'>satis</span> 
     </span>
     <span class='ocr_line' id='line_1_26' title="bbox 84 3549 1128 3642; baseline 0 -25"><span class='ocrx_word' id='word_1_204' title='bbox 84 3566 231 3621; x_wconf 71' lang='lat' dir='ltr'>nostrate</span> <span class='ocrx_word' id='word_1_205' title='bbox 254 3549 330 3637; x_wconf 87' lang='lat' dir='ltr'>(sed</span> <span class='ocrx_word' id='word_1_206' title='bbox 348 3574 417 3619; x_wconf 91' lang='lat' dir='ltr'>non</span> <span class='ocrx_word' id='word_1_207' title='bbox 437 3550 480 3619; x_wconf 93' lang='lat' dir='ltr'>ad</span> <span class='ocrx_word' id='word_1_208' title='bbox 503 3554 761 3621; x_wconf 85' lang='lat' dir='ltr'>Gronovianum</span> <span class='ocrx_word' id='word_1_209' title='bbox 779 3566 922 3637; x_wconf 80' lang='lat' dir='ltr'>textum,</span> <span class='ocrx_word' id='word_1_210' title='bbox 940 3573 1039 3642; x_wconf 89' lang='lat' dir='ltr'>quem</span> <span class='ocrx_word' id='word_1_211' title='bbox 1064 3550 1128 3642; x_wconf 89' lang='lat' dir='ltr'>ipsi</span> 
     </span>
     <span class='ocr_line' id='line_1_27' title="bbox 85 3668 1127 3765; baseline -0.001 -28"><span class='ocrx_word' id='word_1_212' title='bbox 85 3668 222 3741; x_wconf 92' lang='lat' dir='ltr'>obtrusit</span> <span class='ocrx_word' id='word_1_213' title='bbox 240 3672 424 3759; x_wconf 82' lang='lat' dir='ltr'>Daumius,</span> <span class='ocrx_word' id='word_1_214' title='bbox 450 3670 507 3741; x_wconf 89' lang='lat' dir='ltr'>sed</span> <span class='ocrx_word' id='word_1_215' title='bbox 534 3671 578 3741; x_wconf 86' lang='lat' dir='ltr'>ad</span> <span class='ocrx_word' id='word_1_216' title='bbox 602 3669 952 3765; x_wconf 81' lang='lat' dir='ltr'>Lindenhrogianum)</span> <span class='ocrx_word' id='word_1_217' title='bbox 978 3670 1127 3755; x_wconf 83' lang='lat' dir='ltr'>excussi,</span> 
     </span>
     <span class='ocr_line' id='line_1_28' title="bbox 4 3791 1126 3887; baseline -0.004 -24"><span class='ocrx_word' id='word_1_218' title='bbox 4 3832 5 3863; x_wconf 61' lang='lat' dir='ltr'>i</span> <span class='ocrx_word' id='word_1_219' title='bbox 83 3791 188 3862; x_wconf 88' lang='lat' dir='ltr'>sobrio</span> <span class='ocrx_word' id='word_1_220' title='bbox 211 3793 344 3885; x_wconf 90' lang='lat' dir='ltr'>judicio</span> <span class='ocrx_word' id='word_1_221' title='bbox 371 3817 448 3862; x_wconf 91' lang='lat' dir='ltr'>cum</span> <span class='ocrx_word' id='word_1_222' title='bbox 481 3792 619 3887; x_wconf 91' lang='lat' dir='ltr'>reliquis</span> <span class='ocrx_word' id='word_1_223' title='bbox 653 3792 765 3863; x_wconf 91' lang='lat' dir='ltr'>collati</span> <span class='ocrx_word' id='word_1_224' title='bbox 795 3818 865 3861; x_wconf 91' lang='lat' dir='ltr'>non</span> <span class='ocrx_word' id='word_1_225' title='bbox 894 3791 1014 3861; x_wconf 91' lang='lat' dir='ltr'>dubito</span> <span class='ocrx_word' id='word_1_226' title='bbox 1042 3792 1126 3884; x_wconf 90' lang='lat' dir='ltr'>quin</span> 
     </span>
     <span class='ocr_line' id='line_1_29' title="bbox 83 3912 1127 4011; baseline -0.003 -29"><span class='ocrx_word' id='word_1_227' title='bbox 83 3912 217 3985; x_wconf 83' lang='lat' dir='ltr'>Thebais</span> <span class='ocrx_word' id='word_1_228' title='bbox 235 3915 279 3985; x_wconf 89' lang='lat' dir='ltr'>ad</span> <span class='ocrx_word' id='word_1_229' title='bbox 290 3929 420 3984; x_wconf 88' lang='lat' dir='ltr'>tantam</span> <span class='ocrx_word' id='word_1_230' title='bbox 431 3915 655 4009; x_wconf 77' lang='lat' dir='ltr'>integritatem</span> <span class='ocrx_word' id='word_1_231' title='bbox 669 3915 809 4011; x_wconf 90' lang='lat' dir='ltr'>perduci</span> <span class='ocrx_word' id='word_1_232' title='bbox 828 3915 950 4008; x_wconf 88' lang='lat' dir='ltr'>possit,</span> <span class='ocrx_word' id='word_1_233' title='bbox 965 3926 1127 4006; x_wconf 88' lang='lat' dir='ltr'>quantam</span> 
     </span>
     <span class='ocr_line' id='line_1_30' title="bbox 85 4037 1129 4131; baseline -0.003 -26"><span class='ocrx_word' id='word_1_234' title='bbox 85 4037 173 4125; x_wconf 80' lang='lat' dir='ltr'>pauci</span> <span class='ocrx_word' id='word_1_235' title='bbox 182 4052 336 4107; x_wconf 78' lang='lat' dir='ltr'>veterum</span> <span class='ocrx_word' id='word_1_236' title='bbox 346 4038 551 4131; x_wconf 88' lang='lat' dir='ltr'>scriptorum</span> <span class='ocrx_word' id='word_1_237' title='bbox 567 4050 859 4131; x_wconf 84' lang='lat' dir='ltr'>recuperaverunt.</span> <span class='ocrx_word' id='word_1_238' title='bbox 868 4038 958 4105; x_wconf 91' lang='lat' dir='ltr'>Usus</span> <span class='ocrx_word' id='word_1_239' title='bbox 971 4047 1129 4128; x_wconf 69' lang='lat' dir='ltr'>pretereo</span> 
     </span>
     <span class='ocr_line' id='line_1_31' title="bbox 85 4152 1132 4248; baseline -0.002 -25"><span class='ocrx_word' id='word_1_240' title='bbox 85 4155 230 4229; x_wconf 80' lang='lat' dir='ltr'>barthius</span> <span class='ocrx_word' id='word_1_241' title='bbox 247 4172 298 4227; x_wconf 78' lang='lat' dir='ltr'>est</span> <span class='ocrx_word' id='word_1_242' title='bbox 317 4156 387 4244; x_wconf 71' lang='lat' dir='ltr'>olio</span> <span class='ocrx_word' id='word_1_243' title='bbox 407 4157 450 4225; x_wconf 91' lang='lat' dir='ltr'>ah</span> <span class='ocrx_word' id='word_1_244' title='bbox 469 4157 550 4236; x_wconf 79' lang='lat' dir='ltr'>hoc,</span> <span class='ocrx_word' id='word_1_245' title='bbox 571 4172 610 4227; x_wconf 90' lang='lat' dir='ltr'>ut</span> <span class='ocrx_word' id='word_1_246' title='bbox 629 4159 696 4245; x_wconf 88' lang='lat' dir='ltr'>ait,</span> <span class='ocrx_word' id='word_1_247' title='bbox 715 4157 867 4225; x_wconf 86' lang='lat' dir='ltr'>derivato</span> <span class='ocrx_word' id='word_1_248' title='bbox 887 4182 895 4224; x_wconf 74' lang='grc' dir='ltr'>ε</span> <span class='ocrx_word' id='word_1_249' title='bbox 913 4180 958 4225; x_wconf 80' lang='lat' dir='ltr'>an</span> <span class='ocrx_word' id='word_1_250' title='bbox 976 4152 1132 4248; x_wconf 86' lang='lat' dir='ltr'>pluribus</span> 
     </span>
    </p>
   </div>
   <div class='ocr_carea' id='block_1_4' title="bbox 0 0 1472 4950">
    <p class='ocr_par' dir='ltr' id='par_1_5' title="bbox 0 0 1472 4950">
     <span class='ocr_line' id='line_1_32' title="bbox 0 0 1472 4950; baseline 0 0"><span class='ocrx_word' id='word_1_251' title='bbox 0 0 1472 4950; x_wconf 95' lang='lat' dir='ltr'> </span> 
     </span>
    </p>
   </div>
  </div>
 </body>
</html>
