2934 4950
62 423 94 481 (v.
113 417 184 480 sss.)
385 409 600 472 THEBttDos
622 415 735 472 untttt
757 417 793 473 x.
1064 437 1116 495 ιρι

59 543 232 617 Moenibus
251 567 259 612 t
279 541 452 614 exundant
469 561 557 612 saevo
574 541 706 638 fastigia
727 541 864 631 nimbo,

59 673 277 762 Armatasque
293 679 437 735 vomunt
454 663 631 736 stridentia
650 660 716 734 tels
733 663 895 734 fenestre.

59 788 220 881 Qualiter
231 802 290 858 aut
306 785 462 876 Malean,
479 801 537 856 aut
558 784 626 856 alta
642 787 810 858 Ceraunia
826 803 929 882 snpra
994 831 998 842 -

59 914 240 1008 Cessantes
259 911 295 979 in
312 909 403 978 nube
420 907 537 978 sedent
550 959 560 998 ,
574 908 748 1004 nigrisque
768 906 928 1005 leguntur

58 1030 234 1116 Collibus,
252 1046 286 1102 et
303 1031 420 1102 subitoe
438 1028 565 1100 saliunt
577 1031 612 1099 in
631 1027 704 1099 vela
723 1028 908 1126 procelle:

59 1152 151 1224 Talis
166 1153 350 1248 Agenoreis
366 1152 532 1248 Argivum
547 1153 710 1222 exercitus
726 1153 829 1222 armis

61 1275 255 1345 Obruitur:
282 1295 352 1344 non
365 1295 426 1343 ora
443 1274 575 1361 virum,
594 1297 664 1342 non
683 1287 820 1369 pectora
838 1273 945 1344 flectit
991 1355 994 1360 ,

59 1397 176 1467 imber
191 1409 308 1485 atrox,
327 1405 504 1491 rectosque
523 1409 639 1466 tenent
657 1396 692 1466 in
711 1397 836 1466 moenia
853 1395 967 1468 vultus

59 1523 277 1620 Immemores
294 1516 372 1606 leti,
390 1529 424 1588 et
441 1511 575 1588 tantum
593 1516 738 1588 suatela
757 1519 917 1589 videntes.

60 1639 192 1711 Anthea
212 1637 343 1709 falcato¹
353 1637 553 1710 lustrantem
566 1641 698 1709 moenia
715 1661 819 1722 curru

59 1765 217 1857 Desuper
233 1761 373 1858 Ogygiae
388 1759 520 1857 pepulit
539 1763 650 1858 gravis
664 1763 812 1858 impetus
827 1762 941 1834 hosta

60 1887 153 1953 Lora
169 1903 308 1953 eronus
324 1905 449 1965 manu,
468 1897 625 1979 retroque
643 1883 680 1953 in
696 1897 792 1980 terga
807 1882 946 1954 volutus
996 1896 999 1901 '

61 2004 282 2075 Semianimes
296 2019 389 2074 artus
410 2005 519 2075 ocreis
533 2005 757 2076 retinentibus
771 2005 893 2092 horet3

61 2123 258 2196 Mirandum
278 2126 352 2196 risu
372 2123 451 2196 belli
472 2123 594 2197 scelusl
615 2146 709 2197 arma
727 2128 924 2216 trabuntur,

62 2252 310 2342 Fumantesqus
326 2261 409 2317 roton
423 2245 593 2338 tellurem,
611 2262 646 2318 et
665 2249 783 2318 tertius
800 2249 903 2319 haste

62 2369 181 2440 Soleus
199 2382 299 2439 aram
316 2395 325 2438 ε
345 2367 446 2466 longo
464 2370 616 2464 sequitur
634 2391 718 2465 vaga
736 2367 873 2464 pulvere
889 2371 1001 2440 cervix

62 2497 103 2563 Et
119 2492 357 2587 resupinarum
372 2504 467 2587 patet
483 2490 594 2560 orbita
612 2488 712 2587 longa
724 2512 910 2561 comarum.

107 2618 155 2685 At
173 2612 256 2684 tuba
273 2611 427 2683 luctificis
446 2612 560 2710 pulsat
576 2610 791 2709 clangoribus
810 2612 945 2699 utboni,

63 2736 297 2833 Obseptasque
312 2734 402 2805 fores
418 2736 530 2806 sonita
548 2734 725 2830 perfringit
743 2756 868 2805 amoro.

62 2856 213 2926 Divisere
230 2854 359 2947 aditus,
376 2856 536 2952 omnique
555 2856 590 2925 in
610 2854 727 2925 limine
746 2867 854 2930 sevus

18 2986 19 2989 ’
65 2976 211 3074 Signifer
227 2992 310 3058 ante
323 3002 439 3048 omnes
456 2975 656 3065 suademus
674 2992 708 3048 et
724 2976 847 3073 gaudia
863 2992 988 3074 portet.

64 3100 145 3169 Dira
163 3099 254 3168 intus
271 3096 372 3169 facies
389 3123 398 3168 ε
419 3100 475 3169 rix
491 3101 628 3171 Mavors
644 3099 717 3194 ipse
732 3097 878 3169 videndo

64 3218 241 3291 Gaudeats
263 3220 399 3291 incertis
418 3218 624 3317 lymphatam
642 3220 841 3291 horroribus
860 3219 980 3291 urbem

64 3342 228 3416 Scindunt
248 3340 398 3413 dissensu
417 3344 531 3431 vario,
550 3341 747 3439 luctusque,
767 3342 949 3438 lirrorque,

64 3467 105 3533 Iit
119 3489 237 3561 pavor,
255 3478 288 3534 et
305 3466 401 3535 cercis
417 3464 496 3562 luga
514 3465 716 3535 circumflua
735 3464 891 3534 tenebris.

64 3586 191 3657 Brllum
208 3588 350 3658 intrasse
366 3604 464 3683 putes
482 3614 490 3658 :
512 3586 641 3657 fervent
656 3585 862 3689 discursibus
874 3609 985 3670 eroes,

65 3709 251 3779 llisoentur
266 3708 411 3779 clamore
432 3694 518 3779 vise:
539 3706 665 3780 ferrum
683 3708 851 3804 undique,
870 3722 905 3777 et
921 3708 1014 3803 ignes

65 3832 179 3902 Mente
190 3831 308 3902 rident
328 3858 336 3902 ε
352 3844 580 3935 reuomente
597 3854 756 3929 sooepere
775 3847 922 3903 catenas.

67 3939 256 4026 Consumsit
275 3971 419 4027 ventura
436 3952 540 4027 timor
556 3980 564 4025 ι
579 3956 650 4051 jam
669 3970 759 4027 teoto
776 3954 962 4051 replerant,
1097 3986 1107 4005 ι

67 4074 285 4173 Templaque,
302 4092 336 4148 et
349 4080 488 4174 ingratae
505 4076 672 4151 vallantur
687 4077 876 4174 planetibus
890 4102 965 4178 arae.
