2934 4950
306 419 347 472 ΙΝ
369 419 398 472 Ρ.
419 419 449 472 P.
471 417 599 476 stulu
620 417 728 472 ΤΗΕΒ.
749 416 818 472 LlB.
839 417 889 473 lv,
1069 419 1124 476 30²1

104 534 183 590 Non
197 533 296 589 matris
316 552 390 608 opus
404 533 442 610 (v.
462 533 540 610 175).
555 536 663 589 Matres
677 531 753 588 enim
770 544 873 590 notum
887 542 930 590 est
945 543 1041 590 texere
1053 537 1125 592 soli-

54 637 107 682 tas
131 627 265 684 tunicam
282 626 432 684 militarem
453 625 589 684 filiorum.
604 626 671 683 virt
686 628 836 683 Russus.
852 629 907 684 ΜΒ
921 627 967 682 hic
981 647 989 684 :
1003 630 1125 684 «PMa-

56 719 138 776 rotis
159 737 253 794 opus,
268 743 282 773 ι
300 739 324 776 e.
346 722 384 796 gl.
404 719 529 777 «Martie
549 730 598 777 aut
619 719 775 775 Vulcani.»
796 719 883 777 Unde
899 721 995 778 suth.
1013 731 1125 779 tentet:

57 815 272 890 Pymgruouis.
325 857 329 866 .

108 919 215 976 Geu'co
233 919 410 995 quorflebile
426 923 492 977 nuti
503 922 611 978 Bonos
630 917 667 997 (v.
686 919 739 976 181
754 920 840 998 sqq).
854 921 1029 997 Thamyritli.
1043 923 1127 980 Bau-

60 1012 103 1068 sit
120 1013 187 1069 haee
202 1031 237 1072 ex
250 1015 395 1086 Homero,
409 1015 498 1070 Iliad.
504 1052 513 1082 ,
527 1033 566 1087 ιι,
584 1031 636 1068 ror
653 1030 732 1088 sqq„
747 1031 776 1088 q.
791 1032 818 1069 v.

106 1119 230 1176 Panler
245 1123 278 1177 ni
286 1122 425 1198 prou'dus
440 1121 523 1177 heros
537 1121 645 1177 Militet
662 1119 702 1199 (y.
721 1119 797 1198 197).
818 1121 848 1178 Si
866 1122 939 1197 quid
957 1122 1061 1197 video,
1079 1124 1124 1181 le-

61 1213 204 1296 gendum
218 1225 260 1271 eet
272 1217 300 1270 si
317 1233 374 1290 pro
387 1217 433 1283 ni,
454 1215 536 1290 quod
549 1223 578 1271 et
592 1215 729 1272 exhibent
749 1213 767 1270 5
781 1214 883 1285 codd„
898 1216 930 1270 iu
942 1217 1049 1291 quibus
1066 1220 1124 1274 PR.¹

61 1305 167 1362 Aliter
184 1307 351 1364 senteutiam
367 1327 427 1365 uon
445 1307 563 1365 extrieo.

112 1401 173 1456 Sat
190 1402 305 1457 dubium
318 1414 391 1458 coetu
411 1405 521 1458 solante
541 1401 668 1458 umorem
689 1403 806 1458 Fallere
824 1396 863 1479 (v.
879 1418 936 1456 uos
955 1399 1021 1480 sq).
1041 1403 1127 1459 «Stat

63 1493 226 1552 dubium.»
238 1496 343 1552 Sensus
356 1515 364 1551 :
379 1494 492 1552 Sufficit
506 1496 543 1552 ad
556 1495 690 1552 solatium
702 1495 814 1552 lemine
825 1494 878 1550 tuli
891 1504 1022 1569 tempore
1036 1515 1124 1553 orna-

64 1587 153 1643 tibus
169 1605 275 1644 carere.
291 1585 373 1645 Ordo
387 1589 451 1645 telis
466 1589 549 1646 :Stat
564 1588 635 1644 mihi
647 1587 779 1644 timorem
789 1586 912 1642 dubium
925 1598 1002 1644 eoetu
1015 1590 1124 1645 solante

64 1679 188 1751 fellere,
208 1680 227 1736 i.
246 1699 270 1737 e.
290 1680 474 1738 dissimulare.
492 1683 580 1738 Lsur.
599 1711 640 1724 -
658 1683 747 1737 Recte
763 1678 810 1735 hic
825 1691 899 1748 παις
917 1680 968 1736 sed
976 1680 1054 1756 quid
1067 1682 1123 1737 hoe

64 1797 78 1822 ι
90 1781 176 1830 coetu
185 1773 331 1844 solente,»
348 1776 523 1832 eontrarium
544 1775 630 1849 plene
647 1772 779 1830 moribus
803 1771 944 1829 heroicis?
956 1772 1036 1830 Nihil
1054 1774 1125 1831 novi

64 1866 192 1938 melius,
211 1885 297 1943 quem
316 1886 352 1924 ex
373 1868 539 1942 conjectura
556 1867 681 1928 seribere
706 1886 772 1924 oum
791 1869 943 1925 Bernartio
961 1869 1124 1925 :ceulatlio

65 1961 217 2017 solante.»
230 1961 305 2017 Vide
321 1960 447 2037 interpp.
461 1961 499 2018 ed
512 1981 555 2034 ιι,
575 1961 647 2036 439;
668 1969 696 2016 et
710 1978 756 2017 m
768 1970 848 2017 note.

113 2069 297 2144 Perseasque
314 2067 389 2146 jugo
391 2109 438 2125 .....
470 2068 600 2124 hebenus
625 2065 664 2145 (v.
689 2063 770 2143 219).
790 2065 897 2122 Merito
925 2068 982 2124 hoe
1003 2066 1125 2124 damnat

68 2161 227 2217 Marklcui
238 2163 302 2218 Sile.
309 2203 319 2230 ,
334 2183 346 2219 1
351 2182 402 2235 ρ,
420 2160 641 2238 13.Legendum
654 2179 719 2217 cum
732 2163 806 2217 MB:
822 2161 1122 2239 «pmrusquejugoa

115 2269 272 2324 Piuudemi
284 2269 322 2347 (v.
339 2266 417 2346 225).
438 2267 493 2324 Cui
513 2268 697 2324 saltationum
719 2266 875 2323 certamine
892 2268 1121 2325 celebrabuntur.

69 2363 107 2414 V.
132 2379 176 2434 sq.
199 2364 344 2417 volucrum
362 2380 472 2437 parens
494 2371 535 2416 est
557 2369 711 2439 πολυτρήρων
735 2359 872 2431 Homeri3
895 2358 954 2416 vid.
977 2362 1122 2416 horsus.

70 2455 201 2512 Eurotas
218 2465 314 2511 autem
327 2455 439 2530 olivffer
453 2472 513 2510 non
533 2453 695 2509 celebratur
713 2451 795 2523 alius,
815 2470 912 2527 neque
932 2450 970 2508 ed
986 2453 1123 2527 palestrae

72 2548 241 2604 unctionem
255 2549 287 2605 id
305 2548 406 2606 referri
423 2547 561 2606 sermonis
574 2549 651 2623 leges
663 2546 816 2621 patiuntur
834 2565 842 2601 z
860 2564 951 2620 quare
965 2546 1122 2620 preferen-

73 2642 145 2697 dum
162 2634 245 2716 quod
256 2642 287 2702 iu
304 2644 390 2700 bonis
403 2645 485 2701 MSS.
503 2641 612 2718 reperit
626 2652 654 2697 et
667 2641 752 2714 locis,
766 2660 800 2713 x,
815 2642 890 2712 504,
903 2651 932 2696 et
945 2642 1025 2708 Sile,
1040 2660 1072 2713 r,
1088 2660 1122 2712 u,

76 2742 149 2806 142,
163 2736 229 2793 satis
244 2736 371 2803 defendit
385 2736 548 2794 Gronovius
567 2736 713 2810 :olorifen
730 2737 801 2810 Reg.
823 2754 835 2790 ι
852 2736 897 2789 ori
908 2753 946 2791 er.
967 2721 973 2746 ’

117 2832 289 2907 Duplexque
305 2832 407 2888 beseno
423 2831 531 2887 missile
544 2830 620 2886 nodo
634 2828 670 2905 (v.
687 2828 766 2905 235).
780 2830 912 2885 Fortasse
925 2828 1037 2903 legend.
1057 2848 1122 2887 cum

74 2926 130 2980 ΜΒ
150 2942 156 2977 :
177 2925 363 3001 «duplicique
381 2926 515 2981 insertum
526 2922 606 2979 miss.
624 2942 676 2979 n.»
690 2924 763 2997 *Post
782 2924 905 2977 Ledoeus
923 2934 981 2994 est,
1002 2923 1033 2979 iu
1053 2942 1120 2980 mo-

75 3019 147 3074 dum
165 3019 249 3075 Lede
264 3017 399 3077 filiorum.
510 3066 511 3069 η

118 3114 215 3188 Neque
228 3114 303 3169 em'm
315 3114 379 3171 lsoec
389 3114 489 3186 juveni
491 3113 574 3187 foret
593 3114 636 3169 ire
647 3123 781 3189 potestur
798 3108 838 3190 (v.
858 3108 937 3189 249).
958 3112 1121 3169 Necessaria

77 3224 138 3262 esse
156 3205 272 3262 ridetur
286 3207 371 3263 lectio
386 3210 441 3264 ΜΒ
462 3208 541 3263 :huc
553 3226 609 3282 pro
624 3206 702 3275 lzoec,
723 3226 747 3263 c.
765 3206 805 3281 gl.
824 3223 831 3260 :
852 3230 864 3256 u
882 3204 920 3261 ud
938 3215 996 3261 tam
1016 3201 1120 3263 inobu-

77 3301 180 3357 sultum
209 3300 272 3357 iter.
283 3325 299 3353 s
323 3304 417 3358 Mater
436 3301 484 3359 illu
511 3313 573 3358 erat
598 3302 731 3358 Atalanta
758 3298 912 3383 hrodius,
932 3319 1016 3357 versu
1047 3299 1121 3371 258,

77 3394 174 3451 Diene
188 3414 288 3454 comes.
304 3396 347 3453 Cf.
363 3399 511 3453 Bruuius.
531 3395 641 3463 Cornu,
663 3414 748 3467 areu,
762 3405 796 3451 ut
808 3414 836 3450 v.
855 3391 920 3476 325.

119 3488 209 3544 Iberi&
227 3486 264 3566 (v.
282 3486 360 3568 266).
375 3492 508 3565 Purpura
521 3488 658 3565 subnigra
672 3508 707 3545 ex
720 3490 816 3545 Ponto
836 3485 1120 3563 sserrugiueiberu,
1166 3549 1168 3553 ,

78 3595 111 3639 ut
128 3583 167 3639 ait
178 3584 293 3660 virgil,
307 3588 388 3653 AEn„
409 3603 455 3655 rx,
470 3583 545 3655 582,
559 3572 610 3639 ubi
626 3585 751 3640 ιδεμ.
767 3594 795 3640 et
809 3583 934 3658 interpp.

118 3682 229 3753 Aspera
247 3668 355 3753 plumis
375 3676 414 3757 (v.
440 3674 519 3754 268).
542 3677 674 3733 uLoricae
693 3676 846 3751 squamis...
872 3678 950 3733 uude
969 3676 1122 3754 Virgilius,

79 3772 168 3852 [AEu.,
183 3792 233 3843 xl,
250 3770 336 3849 ⁹571]:

463 3982 473 4010 s
488 3992 494 4005 .
509 3992 516 4004 .
529 3992 536 4004 .
549 3956 627 4019 Quem
641 3952 709 4020 pellis
719 3951 803 4004 ahenis

182 4044 210 4090 ln
222 4041 328 4107 plumam
341 4039 446 4108 spitamis
456 4056 515 4091 auro
526 4048 635 4089 comem
647 4038 753 4104 tegebat.
764 4061 778 4080 ι·

732 4126 804 4173 Lm.
