2934 4950
364 445 401 503 ω
467 403 470 410 ’
726 438 756 492 r.
778 435 901 492 cunm
922 435 1045 490 srnru
1151 466 1155 474 ·

362 566 444 633 Mox
460 562 517 630 ubi
536 560 690 651 delicias,
706 576 740 631 et
758 563 825 630 rari
843 563 965 655 pignus
981 560 1079 628 amici

363 683 491 770 Sensit,
511 697 545 751 et
562 683 672 752 amissi
690 706 832 777 puerum
850 680 966 750 solatia
982 677 1097 762 Blaesi3

363 795 466 870 Tollit
482 801 585 870 humo
595 854 605 890 ,
622 825 809 897 magnaque
827 799 908 896 ligat
926 801 1068 884 cervice,
1087 797 1212 892 diuque

362 925 438 1016 Ipse
456 945 558 990 manu
575 921 723 1017 gaudens
740 922 854 1008 vehit3
871 935 919 1007 et,
937 945 1010 1014 quae
1025 943 1166 988 munera
1182 917 1292 988 mollis

362 1039 481 1137 Elysii,
498 1040 626 1111 steriles
642 1067 772 1128 ramos,
789 1055 964 1136 mutasque
980 1039 1132 1109 volucres

363 1163 498 1249 Porxit,
514 1175 547 1230 et
562 1161 681 1230 obtuso
699 1159 860 1255 pallentes
877 1162 1026 1257 germine
1043 1159 1156 1246 flores,

362 1283 435 1352 Nec
451 1281 606 1376 prohibet
623 1282 812 1351 meminisse
829 1282 878 1351 tui
897 1307 905 1348 :
924 1280 981 1350 sed
998 1293 1132 1374 pectora
1148 1277 1291 1347 blandus

326 1428 330 1436 ’
362 1402 497 1490 Miscet,
514 1415 547 1470 et
564 1398 731 1472 alternum
749 1426 853 1495 puero
869 1402 1014 1495 partitur
1031 1424 1189 1468 amorem.
1202 1428 1219 1463 n

411 1522 473 1590 Hic
490 1519 565 1590 finis
582 1536 689 1616 rapto.
712 1523 806 1613 Quin
823 1536 860 1591 tu
872 1523 944 1616 jem
961 1519 1100 1589 vulnera
1115 1519 1229 1607 sedas,

362 1643 407 1709 Et
424 1638 512 1709 tollis
527 1665 673 1710 mersum
690 1640 783 1711 luctu
802 1640 927 1736 caput?
942 1641 1054 1709 omnia
1070 1639 1204 1727 functa,

363 1762 430 1829 Aut
446 1761 608 1830 moritura
625 1761 716 1830 vides
734 1789 742 1829 ε
761 1761 887 1830 obeunt
902 1747 1100 1853 noctesque,
1116 1759 1271 1851 diesque,

362 1882 547 1974 Astraque,
566 1904 627 1949 nec
643 1879 756 1950 solidis
772 1880 907 1976 prodest
923 1905 983 1949 sua
1000 1880 1154 1948 machina
1170 1878 1276 1947 terris.

362 1999 449 2068 Nam
465 1987 626 2093 populos,
644 1998 784 2068 mortale
801 2025 921 2094 genus,
936 1998 1108 2094 plebisque
1124 1998 1255 2067 caducae

362 2118 447 2205 Quis
464 2117 539 2188 fleat
558 2119 738 2189 interitus?
753 2124 822 2189 llos
838 2118 940 2207 bella,
956 2119 1018 2188 hos
1036 2143 1169 2212 aequora
1187 2134 1330 2212 poscunt
1353 2145 1363 2186 :

362 2239 422 2306 llis
441 2263 534 2308 amor
550 2241 666 2328 exitio,
682 2240 777 2309 furor
791 2240 858 2328 his,
874 2254 907 2308 et
924 2264 1008 2308 saeva
1024 2237 1167 2332 cupido;

362 2359 410 2426 Ut
426 2355 538 2427 sileam
555 2360 688 2429 morbos
706 2385 714 2428 :
733 2359 871 2429 bosora
888 2361 1030 2455 rigentia
1047 2362 1192 2443 Brumae,

361 2474 441 2545 Illos
457 2477 636 2572 implacido
652 2478 760 2550 letalis
775 2481 880 2549 Sirius
897 2480 983 2574 igni,

362 2600 430 2665 llos
447 2613 559 2667 manet
575 2600 745 2669 imbrifero
761 2598 888 2693 pallens
905 2604 1095 2669 Autumnus
1110 2598 1213 2665 hiatu.

362 2714 533 2811 Quicquid
548 2719 672 2789 habent
688 2735 796 2807 ortus,
817 2719 917 2788 finem
936 2720 1040 2787 timet.
1060 2718 1185 2786 lbimus
1201 2741 1340 2803 omnes,

361 2834 487 2905 Ibimus
505 2862 512 2904 :
531 2838 699 2909 immensis
715 2863 834 2907 urnam
856 2840 963 2933 quatit
977 2841 1094 2906 AEacus
1110 2834 1208 2905 ulnis.

411 2957 471 3025 Ast
488 2956 542 3027 hic
562 2982 661 3053 quem
678 2960 861 3054 gemimus,
879 2956 976 3044 felix,
994 2957 1226 3048 hominesque,
1244 2956 1407 3051 deosque,

361 3078 405 3143 Et
420 3073 538 3145 dubios
555 3100 649 3146 casus
665 3091 698 3146 et
714 3102 805 3147 caecae
822 3076 949 3146 lubrica
964 3077 1040 3144 vitae

361 3192 502 3289 Effugit,
521 3196 678 3266 immunis
695 3196 753 3265 fati
772 3223 780 3264 ε
801 3222 870 3266 non
887 3194 943 3265 ille
959 3198 1102 3290 rogavit,

361 3315 439 3384 Non
457 3316 588 3403 timuit,
604 3318 767 3386 meruitve
780 3319 877 3386 mori.
896 3318 966 3386 Nos
983 3316 1080 3385 anxia
1099 3314 1226 3410 plebes,

361 3434 431 3503 Nos
447 3436 573 3523 miseri,
590 3436 708 3529 quibus
723 3435 813 3505 unde
828 3436 897 3506 dies
914 3460 1084 3530 supreme,
1100 3437 1176 3529 quis
1193 3437 1253 3504 oevi

360 3555 491 3643 Exitus,
510 3556 692 3640 incertum3
708 3556 829 3649 quibus
846 3558 945 3624 instet
960 3554 1087 3625 fulmen
1101 3556 1144 3624 ab
1161 3558 1272 3642 astris,

360 3675 443 3762 Qure
460 3674 564 3743 nubes
580 3674 679 3745 saule
694 3690 822 3745 sonent.
842 3674 899 3746 Nil
916 3674 1056 3745 flecteris
1074 3675 1162 3745 istis?

360 3792 425 3861 Sed
439 3792 569 3862 flectere
585 3792 699 3863 libens.
718 3794 805 3865 Ades
820 3796 886 3864 huc
901 3797 1037 3865 emissus
1053 3796 1095 3864 ab
1112 3810 1185 3864 atro

360 3912 510 4000 Limine,
530 3914 584 3981 cui
599 3913 659 3983 soli
678 3930 798 3984 cuncte
813 3916 991 4008 impetrare
1008 3913 1166 4003 facultas,

1413 2810 1448 2868 Φ,

360 4029 519 4116 Glaucia3
535 4056 613 4101 nam
630 4034 777 4103 insontes
792 4036 919 4102 animas
956 4059 1017 4102 nec
1036 4036 1179 4128 portitor
1196 4048 1304 4121 arcet,
