2934 4950
77 468 109 529 (r.
123 469 192 531 ΗΞ)
392 466 605 523 Tunnamos
626 464 737 521 LIBER
754 464 823 518 vll.
1066 461 1119 517 113

76 589 184 660 Solvit
198 591 322 680 hiems,
342 606 400 663 aut
419 594 507 660 victa
528 592 594 660 situ
614 614 682 659 non
702 586 840 683 pertulit
856 600 954 671 aetas3

75 710 194 781 Desilit
213 710 400 781 horrendus
415 736 534 806 campo
553 712 671 798 timor,
692 734 801 799 arma,
821 710 976 803 virosque

76 833 199 903 Limite
217 856 287 900 non
308 856 394 921 uno,
415 830 630 926 longaevaque
645 830 768 901 robora
787 854 897 900 secum
1001 847 1005 851 “

74 953 308 1049 Pracipitans,
328 951 530 1046 tandemque
547 952 725 1022 exhaustus
742 950 875 1021 turbine
891 949 995 1037 fesso,

75 1078 140 1142 Aut
160 1072 280 1142 vallem
301 1088 414 1160 cavat,
432 1088 491 1142 aut
508 1072 635 1143 medios
654 1073 824 1169 intercipit
842 1096 988 1146 amnes..

121 1197 201 1265 Non
219 1219 313 1264 secus
331 1196 524 1291 ingentique
540 1196 614 1263 viro
633 1218 822 1290 magnoque
843 1206 997 1289 gravatus
1042 1209 1046 1215 ’

72 1319 178 1385 Temo
195 1316 285 1403 Deo,
306 1341 396 1387 nunc
414 1316 496 1401 hoc,
515 1341 604 1386 nunc
626 1314 682 1385 illo
701 1316 737 1385 in
752 1316 912 1411 sanguine
930 1314 1044 1385 fervet.
1116 1376 1120 1389 .

72 1440 147 1531 Ipse
169 1435 287 1507 sedens
303 1433 392 1527 telis,
410 1438 599 1532 pariterque
617 1438 785 1506 ministrat
803 1436 941 1506 habenis

71 1555 212 1625 Delius:
233 1558 304 1651 ipse
324 1556 421 1627 docet
434 1558 563 1650 jactus,
583 1555 789 1652 adversaque
804 1557 908 1626 llectit

70 1675 226 1772 Spicula,
245 1676 481 1772 fortunamque
497 1679 600 1749 hastis
618 1677 829 1749 venientibus
844 1676 965 1747 aufert.

71 1801 274 1867 Sternuntur
291 1812 388 1867 terrae
407 1796 559 1868 Menalas
578 1797 696 1895 pedes,
717 1798 884 1893 Antiphus
901 1797 970 1868 alto

72 1918 128 1989 Nil
149 1913 304 1987 defensus
325 1944 427 2014 equo,
448 1921 645 2015 genitusque
661 1918 859 1990 Heliconide
873 1920 1031 2014 Nympha

72 2040 229 2127 AEthion,
246 2064 396 2134 caesoque
413 2040 546 2111 infamis
562 2040 665 2110 fratre
683 2039 831 2129 Polites,

70 2162 287 2256 conatusque
307 2162 387 2233 toris
405 2164 557 2233 vittatam
571 2164 734 2258 attingere
751 2165 871 2232 Manto

70 2284 219 2379 Lampus
239 2308 247 2351 :
268 2284 302 2351 in
322 2283 412 2353 hunc
430 2308 539 2353 sacras
556 2283 701 2353 Phoebus
720 2282 814 2352 dedit
829 2284 900 2378 ipse
918 2284 1064 2378 sagittas.

115 2408 162 2476 Et
174 2404 245 2498 jam
260 2403 455 2502 cornipedes
475 2404 604 2501 trepida
619 2428 657 2474 ac
677 2402 877 2475 moribunda
897 2403 1048 2474 reflantes

70 2530 237 2622 Corpora,
255 2529 420 2597 rimantur
436 2543 557 2616 terras,
576 2527 751 2620 omnisque
768 2551 829 2620 per
842 2540 934 2596 artus

70 2648 206 2738 Sulcus,
226 2664 259 2718 et
276 2649 387 2719 incisis
406 2648 511 2720 altum
529 2649 628 2718 rubet
647 2647 758 2719 orbita
775 2647 943 2718 membris.

71 2775 138 2841 Hos
157 2769 228 2864 jam
248 2771 438 2866 ignorantes
456 2771 533 2840 terit
551 2770 672 2865 impius
692 2770 780 2856 axis3
801 2783 836 2838 at
854 2767 902 2837 illi

71 2893 218 2963 Vulnere
237 2893 433 2981 semineces,
452 2917 515 2963 nec
532 2892 680 2962 devitare
698 2889 857 2980 facultas,

70 3018 259 3086 Venturum
280 3039 379 3109 super
398 3017 458 3083 ola
477 3012 590 3083 vident
606 3039 613 3082 :
630 3013 702 3107 jam
717 3012 848 3083 lubrica
866 3015 945 3084 tabo

70 3138 191 3213 Frena,
212 3159 275 3205 nec
292 3135 398 3204 insisti
418 3133 571 3204 madidus
590 3133 648 3205 dat
667 3150 774 3223 temo,
795 3150 942 3229 rotaeque

71 3257 241 3350 Sanguine
258 3253 427 3344 difficiles,
446 3270 479 3324 et
493 3254 621 3324 tardior
639 3254 766 3350 ungula
787 3254 882 3326 fossis

70 3375 286 3447 Visceribus:
308 3389 388 3445 tunc
405 3376 476 3470 ipse
495 3375 608 3444 lurens
628 3378 664 3443 in
682 3391 790 3447 morte
807 3376 925 3446 relicta
998 3349 1003 3359 ⁵

70 3495 221 3590 Spicula,
242 3511 275 3566 et
293 3522 311 3565 e
333 3495 449 3566 mediis
467 3511 631 3566 exstantes
649 3497 782 3566 ossibus
799 3497 912 3568 hastas

71 3617 189 3688 Avellit
207 3645 216 3687 ε
237 3617 383 3689 stridunt
397 3619 533 3707 anima,
553 3642 756 3711 currumque
774 3629 969 3712 sequuntur.

115 3738 266 3808 Tandem
285 3763 320 3808 se
341 3737 466 3808 famulo
484 3763 650 3808 summum
669 3737 840 3809 confessus
856 3739 995 3834 Apollo,

72 3861 200 3928 «Utere
219 3857 292 3928 luce
309 3873 382 3946 tua,
401 3841 618 3953 longamque,
640 3860 706 3946 ait,
725 3857 827 3928 indue
846 3857 988 3949 famam,

71 3984 160 4050 Dum
178 3980 239 4049 tibi
260 4003 314 4048 me
326 3979 484 4074 junctum
501 4004 590 4050 mors
608 3980 792 4049 irrevocata
809 3994 954 4050 veretur.

74 4104 270 4174 Vincimur:
292 4103 435 4172 immites
456 4101 520 4172 scis
540 4099 631 4171 nulla
648 4100 819 4172 revolvere
835 4103 958 4172 Parcas

210 4245 247 4292 ιι.
609 4229 610 4238 ’
929 4240 951 4308 3
