2934 4950
329 398 383 454 338
704 395 1001 452 ADNOTATIONES

325 514 390 572 cod.
404 511 478 591 Pac]
491 511 597 570 scilicet
612 531 718 588 corpus
728 513 790 586 ejus
803 512 955 586 quaesimra
969 523 1018 568 est.
1039 513 1105 568 Viro
1118 515 1221 570 toedus.
1236 515 1309 570 Non
1322 535 1378 590 pn-

326 620 367 666 tat
385 609 430 664 his
444 605 534 684 [quod
547 625 611 662 voc.
625 606 693 662 fort.
711 605 823 662 delend.
844 624 879 661 ex
895 604 960 661 eod.
976 604 1051 683 cod]
1072 626 1101 663 se
1116 607 1196 663 tedis
1215 607 1255 664 ad
1270 629 1375 686 rogum

324 701 380 758 viri
393 721 452 758 esse
465 711 625 756 venturum.
638 725 650 750 ι
664 699 710 756 Sic
728 699 816 776 igitur
830 699 975 755 edendum
990 719 997 752 ε
1013 724 1028 751 α
1038 700 1087 756 Sic
1101 701 1143 757 ire
1158 702 1308 774 parabat?
1322 705 1378 760 Hos

326 797 344 852 l.
364 815 391 850 v.
412 806 432 850 t.
447 793 530 852 eret?
546 817 562 845 a

368 902 544 976 Primumque
563 918 710 976 capessere
725 918 857 974 pugnum
876 895 915 976 (v.
935 898 1011 974 158).
1030 901 1137 958 Omnes
1158 901 1256 957 Barth.
1277 913 1311 959 et
1333 904 1378 959 alii

324 994 407 1050 mulli
420 994 522 1051 codd:
538 1017 553 1044 α
559 995 809 1070 propn'amque‚n
822 1010 943 1048 verc-
957 993 1024 1068 Seq.
1038 1013 1065 1048 v.
1080 995 1156 1049 Me:
1171 1017 1187 1045 ι
1197 1013 1377 1071 magnasque

326 1101 467 1166 regenam
482 1088 549 1160 Obj.
566 1086 708 1143 animas.»
830 1095 835 1100 ·

366 1199 479 1270 Aspera
502 1195 617 1268 quaudo
633 1190 672 1270 (v.
691 1191 767 1268 161).
783 1193 837 1247 MR
853 1213 859 1246 :
879 1207 937 1248 «ct
945 1192 1033 1264 jera,
1049 1212 1120 1267 q.,»
1138 1193 1221 1268 quod
1239 1213 1303 1250 non
1322 1196 1374 1252 de-

324 1287 411 1343 bebat
421 1287 548 1361 probare
564 1285 659 1342 Barth.

368 1391 425 1464 Qui
437 1404 577 1465 tepucem
600 1403 630 1446 et
645 1391 702 1465 pia
714 1388 785 1460 jum
802 1401 944 1465 regentem
966 1388 1005 1463 (v.
1028 1387 1106 1468 165).
1126 1393 1375 1451 Permcmorabilis

324 1497 352 1543 et
369 1486 436 1542 fort.
450 1503 518 1542 vera
532 1496 573 1541 est
587 1483 672 1540 lectio
687 1483 717 1538 in
731 1485 786 1538 ΜΒ
802 1503 808 1538 :
826 1506 842 1534 c
851 1483 903 1558 qui
914 1499 1014 1556 pacem
1030 1495 1059 1538 et
1070 1485 1181 1560 puelia
1192 1485 1262 1556 jure
1274 1506 1372 1563 reg„

325 1581 342 1635 i.
359 1599 383 1636 e.
401 1580 486 1636 bella.
506 1577 620 1634 Deinde
640 1588 707 1653 post
721 1596 865 1652 regnoque
884 1587 926 1632 cst
943 1576 1129 1650 aposiopesis.

367 1689 515 1764 Supplicia
533 1684 570 1762 (v.
590 1683 665 1762 168).
685 1686 805 1741 Nullum
823 1684 892 1740 novi
905 1684 992 1757 hujus
1008 1684 1153 1758 prosodia
1166 1687 1370 1761 exemplumin
1459 1674 1460 1693 ¹

323 1781 433 1850 Statio,
454 1799 549 1856 neque
568 1789 662 1836 tamen
681 1777 749 1835 ideo
772 1777 798 1834 ei
818 1779 904 1852 plano
928 1776 1163 1852 abjudicandum
1184 1781 1242 1834 ΜΒ
1263 1789 1371 1850 umen,

324 1886 352 1931 et
372 1877 407 1932 al.
428 1875 524 1930 Barth.
544 1891 610 1929 cum
624 1873 695 1948 Reg.
714 1891 726 1927 1
744 1891 753 1926 τ
768 1871 951 1947 Supplicium.

363 1983 470 2056 Regem
485 1977 629 2051 indefessa
640 1978 762 2053 reposcit
772 1975 812 2054 (v.
831 1978 906 2055 177).
926 1977 1031 2035 Melius
1049 1981 1098 2034 PR
1114 1999 1122 2033 :
1136 1979 1298 2050 indefensa.

368 2074 540 2130 Couueuiaut
558 2072 713 2147 ubicunque
726 2090 815 2126 nurus
828 2070 867 2149 (v.
888 2070 964 2149 183).
988 2075 1063 2128 Bene
1080 2071 1224 2128 Weberus
1239 2092 1247 2126 ε
1263 2097 1280 2124 ι
1293 2075 1368 2129 Forl.

322 2167 376 2242 leg.
392 2165 441 2220 ubi
453 2183 572 2241 quoeque
586 2183 631 2230 u.‚
651 2173 683 2219 ut
701 2163 819 2239 Virga„
840 2167 920 2232 AEu,
943 2185 1005 2236 vn,
1027 2172 1102 2233 400,
1116 2164 1168 2219 ubi
1188 2165 1277 2220 etiam
1295 2185 1368 2222 non-

322 2257 393 2315 nulli
410 2255 495 2314 codd.
514 2258 621 2314 habent
634 2257 832 2331 ubicumque.»

366 2365 515 2440 Frate-ique
530 2376 626 2439 legas,
642 2381 770 2438 urnaque
784 2375 909 2439 repones
924 2360 963 2440 (v.
981 2361 1056 2440 191).
1072 2365 1137 2420 Non
1155 2365 1244 2438 pauci
1259 2365 1344 2422 codd.
1360 2388 1366 2420 z

322 2476 407 2534 neges
423 2467 451 2513 et
469 2476 603 2531 reponas,
617 2466 803 2531 utrumquce
820 2474 895 2512 corr.
909 2458 945 2512 V.
960 2459 1094 2512 Gnouov.

363 2550 496 2605 Penulhi
512 2547 550 2627 (v.
568 2546 645 2627 199).
666 2550 737 2625 Reg.
756 2548 955 2604 12Puerecti1
972 2549 1040 2603 Beh.
1057 2566 1133 2622 apr.
1148 2568 1186 2603 m.
1195 2572 1202 2603 :
1212 2548 1341 2603 «Peu'cli.
1355 2571 1368 2597 ι

365 2644 486 2718 lateque
495 2642 646 2717 benignum
655 2644 774 2697 Fulmen
783 2638 821 2718 (v.
831 2658 889 2695 220
899 2641 963 2718 sq.).
973 2638 1100 2696 Omnino
1110 2640 1297 2696 scribendum
1307 2662 1366 2697 cum

322 2735 437 2791 lortino
458 2745 486 2791 et
505 2736 669 2791 Burmanno
684 2734 823 2808 «lucique
836 2734 865 2788 b.
882 2734 928 2803 1²„
938 2756 951 2783 ι
966 2750 1055 2807 quum
1070 2731 1156 2787 codd.
1177 2752 1253 2807 pene
1274 2752 1368 2789 omnes

322 2828 390 2883 dent
409 2830 523 2904 letique,
544 2848 618 2885 unus
637 2847 661 2884 c.
682 2830 719 2905 gl.
739 2845 817 2882 unos
828 2851 856 2897 u,
873 2836 902 2881 ct
923 2828 993 2902 ch.
1016 2845 1027 2881 ι
1043 2825 1173 2881 diserte«
1187 2826 1259 2880 leeti.
1274 2828 1367 2883 nlul-

321 2932 417 2999 gatae
436 2921 511 2997 conj.
527 2921 669 2978 Gronovii
684 2932 749 2977 orta
764 2939 823 2977 esse
841 2920 965 2975 videtur.

361 3015 446 3069 Serva
461 3012 499 3092 (v.
517 3012 594 3091 225).
610 3016 675 3070 Non
690 3016 765 3070 male
780 3015 828 3069 PR
844 3032 851 3067 τ
868 3032 971 3068 seruus.

315 3114 317 3121 “
362 3110 470 3161 Iusauo
477 3106 590 3181 sericus
604 3103 642 3184 (v.
659 3102 737 3181 230).
759 3106 840 3161 MSS.
856 3105 1032 3161 Lindenbr.:
1047 3126 1063 3155 α
1073 3103 1232 3177 insanoque
1235 3107 1346 3177 ferrus.
1356 3130 1368 3153 ι

361 3212 460 3285 Effert
473 3208 512 3291 (v.
528 3210 606 3289 254).
628 3214 720 3281 Pete,
741 3213 819 3266 nou.
842 3221 870 3267 et
892 3212 962 3286 Reg.
983 3206 1216 3278 1213sfial.Quae
1240 3229 1367 3285 sequun-

320 3318 366 3362 lur
386 3324 443 3361 av.
461 3303 558 3376 257,a
577 3304 694 3361 diversis
715 3304 774 3361 dici
791 3304 976 3360 existimanda
997 3313 1076 3372 sunt,
1095 3301 1216 3357 athene
1236 3302 1368 3377 exposuit

320 3398 493 3455 Lactantius.
509 3430 514 3443 .

361 3494 418 3546 Hos
432 3492 537 3546 bellare
543 3489 613 3560 jube
627 3486 667 3567 (v.
678 3486 756 3569 262).
771 3490 827 3546 Sed
842 3490 928 3546 codd.
942 3507 1058 3544 omncs:
1073 3510 1088 3538 α
1098 3488 1160 3543 Nos
1172 3489 1202 3543 b.
1211 3488 1274 3560 j.‚»
1288 3486 1368 3562 quod

320 3584 524 3641 reducendum.

361 3678 563 3751 Lacuymisque
580 3676 701 3749 potitum
723 3672 763 3753 (v.
788 3672 866 3753 ²70)·
892 3672 1083 3731 Scribendum
1103 3672 1220 3729 videtur
1242 3692 1279 3729 ex
1298 3676 1367 3745 Me,

319 3770 368 3824 PR
385 3780 413 3824 ct
431 3770 521 3824 altero
536 3768 607 3843 Reg.
625 3786 632 3822 t
647 3768 688 3822 cl.
700 3780 854 3842 polentem.
864 3791 879 3819 a

361 3862 438 3919 Coelo
452 3862 572 3918 dimissa
591 3864 651 3916 lucs
666 3858 705 3941 (v.
722 3860 801 3939 274).
815 3863 905 3918 Recte
918 3861 1043 3915 demissa
1057 3858 1183 3915 correxit
1198 3858 1364 3916 Wakefield.

319 3956 348 4011 in
367 3957 431 4012 Silv.
449 3956 526 4023 crit„
543 3956 600 4011 vol.
615 3974 643 4027 v,
664 3974 693 4029 p.
717 3962 767 4027 lo,
789 3958 874 4011 etad
891 3956 1020 4020 lucrec,
1042 3972 1087 4023 vs,
1110 3951 1194 4011 1138.
1209 3954 1279 4009 Nou
1295 3953 1365 4008 mole

319 4047 403 4104 etium
421 4050 469 4104 PR
485 4068 492 4103 ε
508 4051 605 4105 ccoelo
625 4048 737 4119 dejecta
750 4050 793 4105 Ι.»
