2934 4950
52 400 80 459 l'-
92 399 159 460 6851
369 396 587 457 mnnmnos
610 400 720 457 LIBER
742 400 782 456 Vl

94 527 146 593 Sic
163 524 272 613 cadit,
289 527 438 595 attonitis
460 528 592 620 quoties
611 525 766 596 avellitur
786 528 897 615 astris,

51 645 129 714 Solis
148 671 252 741 opaca
268 670 364 715 soror
385 672 393 715 ε
414 644 532 741 procul
552 647 746 717 auxiliantia
767 662 882 743 gentes

51 769 124 835 AEra
140 782 296 862 crepant,
318 766 508 865 frustraque
526 770 672 838 timent:
694 784 728 838 at
747 767 906 839 Thessala
925 770 1045 840 victrix
1138 832 1143 841 .

50 887 142 957 Ridet
160 885 354 967 anhelantes
376 889 491 959 audito
509 893 658 960 carmine
676 891 782 987 bigas.

94 1007 298 1079 Collaudant
314 1011 424 1079 Danai
445 1036 452 1078 ε
474 1010 618 1080 sednon
637 1010 698 1081 tibi
720 1011 821 1083 molle
840 1017 963 1100 tuenti,

51 1132 299 1227 Hippomedon,
321 1134 494 1227 majorque
512 1156 631 1203 manus
651 1150 804 1229 speratur
824 1136 859 1204 in
880 1122 986 1230 aequo.

97 1259 203 1347 Atque
223 1252 271 1323 illi
290 1253 475 1351 extemplo,
497 1256 552 1325 cui
572 1280 645 1350 spes
666 1256 850 1353 infringere
868 1254 966 1349 dulce

52 1374 264 1463 Immodicas,
285 1380 432 1445 Fortuna
453 1379 545 1475 venit
559 1402 567 1445 ε
581 1378 663 1472 quid
682 1380 820 1449 numina
840 1392 958 1449 eontra

51 1496 194 1566 Tendere
216 1496 264 1565 las
282 1497 434 1566 homini?
453 1500 600 1593 spatium
617 1499 689 1593 jam
708 1500 856 1569 immane
874 1472 1033 1595 paraliat,

51 1622 116 1685 lam
136 1619 248 1687 cervix
267 1643 446 1709 conversa,
467 1634 500 1689 et
515 1620 585 1714 jam
606 1620 691 1690 latus
710 1643 809 1689 ornne
828 1622 978 1691 redibat:

52 1738 175 1808 Excidit
193 1738 389 1834 antepedes
408 1739 558 1836 elapsum
577 1742 731 1837 pondus,
753 1756 787 1813 et
808 1746 894 1813 ictus

51 1863 225 1951 Destituit,
246 1861 436 1955 frustraque
455 1886 593 1932 manum
615 1864 741 1933 dimisit
757 1867 902 1933 inanem.

94 1992 292 2084 Ingemuere
309 2008 444 2071 omnes,
464 1986 614 2078 rarisque
636 2010 675 2054 ea
695 1988 766 2054 vise
785 1985 948 2085 voluptas.

53 2110 127 2179 Inde
144 2110 187 2179 ad
210 2118 353 2178 conatus
370 2105 487 2174 timida
506 2106 596 2175 subit
615 2122 687 2175 arte
706 2109 921 2179 Menestheus

53 2234 201 2313 Lautior,
222 2246 255 2300 et
275 2226 417 2302 multum
436 2242 484 2315 te,
503 2229 594 2296 Maia
616 2244 711 2317 nate,
732 2247 851 2327 rogato

54 2352 144 2422 llolis
163 2350 379 2449 praegravidae
397 2351 538 2447 castigat
559 2348 697 2442 pulvere
715 2348 837 2447 lapsus.

55 2474 107 2543 llla
123 2501 226 2546 manu
246 2499 387 2570 magna,
407 2489 439 2543 et
460 2471 603 2542 multum
624 2470 755 2545 felicior
771 2477 856 2563 exit,

55 2598 115 2667 Nee
133 2611 263 2693 partem
284 2598 438 2692 exiguam
457 2597 537 2667 cirri
557 2609 745 2667 transvecta
765 2599 901 2693 quievit.

57 2721 101 2791 Fit
120 2740 241 2808 sonus,
261 2731 296 2787 et
313 2715 380 2787 fixa
399 2718 551 2815 signatur
571 2735 659 2788 terre
679 2721 809 2815 sagitte.

97 2845 226 2914 Tertius
247 2841 483 2937 Hippomedon
505 2839 614 2910 valida
635 2841 677 2940 ad
699 2843 883 2911 certamina
903 2843 1016 2913 tardos

56 2965 187 3034 Molitur
207 2987 338 3060 gressus
356 2989 363 3032 :
382 2987 525 3058 namque
544 2961 640 3033 illum
659 2963 761 3033 corde
780 2964 843 3033 sub
861 2961 929 3032 alto
968 2955 972 2960 ’

57 3089 92 3153 Et
109 3111 204 3155 casus
221 3084 376 3180 Phlegyae
395 3099 529 3170 monet,
549 3099 583 3152 et
604 3085 741 3154 fortuna
759 3084 970 3168 Menesthei..

57 3209 154 3302 Erigit
174 3221 343 3275 assuetum
361 3204 483 3275 dextrae
502 3219 689 3300 gestamen,
712 3220 746 3274 et
765 3205 829 3274 alte
848 3267 853 3278 .

58 3329 265 3413 Sustentans,
285 3325 497 3420 rigidumque
516 3325 618 3413 latus,
639 3307 974 3433 fortesquelneertos

58 3449 220 3534 Consulit,
240 3473 280 3517 ac
299 3461 393 3516 vasto
412 3461 612 3541 contorquet
634 3447 787 3535 turbine,
809 3463 840 3517 et
860 3449 931 3543 ipse
1047 3476 1049 3480 ’

59 3571 299 3665 Prosequitur:
320 3568 406 3664 fugit
423 3567 593 3637 horrendo
614 3594 674 3663 per
696 3571 808 3637 inania
828 3568 933 3656 saltu,

59 3693 190 3786 lamque
210 3689 330 3787 procul
347 3692 499 3759 meminit
519 3689 656 3775 dextrae,
675 3705 852 3784 servatque
872 3705 1021 3760 tenorem

61 3814 172 3883 Discus
191 3841 199 3883 ε
216 3839 278 3882 nec
294 3811 397 3881 dubia
413 3813 572 3906 junctave
591 3811 786 3881 Menesthea
804 3813 929 3880 victum

61 3935 242 4004 Transabiit
258 3947 345 4004 meta
363 3960 370 4001 :
389 3931 488 4028 longe
508 3957 607 4027 super
626 3931 742 4003 aemula
764 3936 857 4029 signa

63 4056 228 4144 Consedit,
250 4053 439 4148 viridesque
456 4055 631 4144 humeros,
650 4070 683 4123 et
700 4079 805 4150 opaca
821 4055 941 4124 theatri
