2934 4950
82 441 119 499 l'·
132 438 204 502 tri)
402 441 614 504 Tflfflmos
636 444 747 502 um
769 447 806 502 X.
1082 468 1138 526 ¹99

80 563 333 660 Dedignautem
348 582 441 640 artus
458 569 604 665 pridem,
625 587 845 667 moestamque
864 575 968 644 teneri

81 688 232 783 Arripit,
253 703 355 784 atque
370 715 439 762 uno
454 695 627 786 quaesitam
642 692 783 766 vulnme
795 697 933 791 rumpit.

81 812 257 906 Sanguine
273 826 355 882 tunc
371 816 499 908 spargit
511 827 638 903 turres,
654 831 692 886 et
702 818 826 892 moenia
840 816 980 907 lustrat,

80 934 194 1026 Seque
210 957 312 1028 super
327 933 452 1006 medias
467 938 571 1025 acies,
590 938 741 1010 nondum
754 965 835 1013 ense
848 941 1002 1028 remisso,

81 1055 186 1142 Jecit,
202 1070 237 1124 et
255 1056 291 1125 in
308 1081 413 1128 sevos
426 1037 544 1129 cadere
559 1074 608 1130 ost
625 1076 765 1134 conatus
779 1064 935 1134 Achivos.
964 1115 968 1124 ·

81 1177 147 1246 Ast
162 1175 261 1246 illurn
279 1177 437 1274 amplexae
457 1183 567 1254 Pietas
583 1185 787 1280 Virtusque,
805 1184 959 1256 fuebant

80 1300 224 1370 Leniter
243 1299 287 1370 ad
298 1316 410 1373 ,terras
426 1327 549 1400 corpus
566 1331 574 1375 :
592 1307 661 1400 jam
678 1308 817 1402 spiritus
836 1306 918 1379 olim

78 1425 174 1494 Ante
188 1426 327 1514 Jovern,
346 1442 381 1498 et
397 1430 537 1498 summis
552 1431 682 1526 apicem
698 1431 762 1501 sibi
780 1433 889 1527 poscit
903 1432 939 1500 in
954 1433 1063 1502 astris.

131 1551 276 1642 Jamque
293 1550 384 1619 intra
401 1575 516 1622 muros
532 1550 628 1623 nullo
644 1551 767 1627 sudore
784 1567 956 1649 receptum

80 1669 283 1742 Gaudentos
298 1671 402 1742 heros
420 1673 535 1744 ferunt
550 1701 559 1744 ε
580 1676 784 1746 abscesserat
799 1674 888 1746 ultro

79 1791 301 1864 Tantalidum
317 1809 476 1866 venerata
495 1795 642 1868 cohors:
662 1797 755 1868 subit
769 1799 904 1894 agmine
923 1798 1026 1895 longo

80 1913 181 2000 Colla
200 1918 288 1988 inter
302 1919 484 2012 juvenum,
500 1917 647 2016 laetisque
661 1921 832 1992 favoribus
848 1923 942 1991 omni

80 2039 285 2110 Concinitur
305 2040 421 2136 vulgo,
441 2042 609 2114 Cadmum
630 2058 731 2139 atque
750 2045 944 2140 Amphiona
962 2069 1064 2140 supra

80 2159 275 2231 Conditor:
293 2163 329 2232 hi
345 2165 456 2252 sertis,
477 2165 512 2234 hi
531 2167 619 2236 veris
641 2165 771 2236 honore
788 2165 899 2237 soluto

79 2282 308 2355 Accumulant
326 2301 437 2376 artus,
458 2289 632 2382 patriaque
653 2288 786 2358 insede
806 2305 977 2384 reponunt

79 2410 219 2504 Corpus
237 2407 436 2480 adoratum:
454 2425 707 2506 repetuntmox
723 2408 811 2481 bella
831 2411 973 2506 peractis

79 2528 257 2601 laudibus
273 2558 282 2601 r
303 2532 358 2602 hic
374 2534 464 2603 victa
478 2534 611 2630 genitor
633 2532 856 2628 lacrymabilis
871 2534 935 2614 ira·

80 2655 277 2749 Congemit‚
294 2669 328 2723 et
343 2653 478 2725 tandem
494 2656 595 2726 matri
612 2654 691 2726 data
710 2654 791 2725 flere
806 2670 954 2752 potestas
970 2683 979 2725 ε

131 2806 149 2842 α
166 2774 402 2850 Lustralcmne
422 2778 501 2851 laris
518 2803 582 2874 ego
598 2794 648 2867 te,
669 2804 756 2875 puer
771 2777 913 2873 inclyte,
929 2777 1073 2866 Thebis,

79 2904 322 2995 Devotumque
342 2915 462 2996 caput,
481 2898 558 2971 vilis
574 2926 634 2971 ceu
655 2916 762 2971 mator
780 2899 937 2971 alebam?

80 3021 187 3111 Quod
206 3019 322 3091 molita
339 3008 457 3092 nefas?
475 3024 530 3093 cui
549 3037 682 3092 tantum
700 3024 808 3091 invisa
824 3022 1001 3110 Deorum?

80 3146 163 3215 Non
180 3168 243 3239 ego
258 3144 472 3213 monstrifero
483 3144 576 3215 coitu
592 3143 744 3214 revoluta
764 3145 878 3215 notati

79 3266 246 3360 Pignora,
266 3289 328 3334 nec
343 3280 424 3334 nato
442 3266 558 3360 peperi
576 3264 710 3394 firneslap
727 3280 877 3361 nepotes.

80 3384 175 3476 Quid
195 3385 320 3457 refert?
341 3388 442 3457 habet
461 3412 537 3457 ecce
557 3412 635 3457 suos
654 3391 802 3477 Iocasta,
821 3388 988 3483 ducesque

80 3514 341 3606 Regnantesque
356 3509 468 3581 videt:
488 3535 549 3581 nos
565 3534 651 3581 saeva
672 3508 805 3605 piacula
822 3509 912 3581 bello

81 3636 227 3720 Demus,
246 3647 285 3703 ut
297 3632 452 3723 alternis,
469 3632 577 3730 placet
595 3634 661 3703 hoc
679 3633 740 3703 tibi
760 3632 909 3705 fulminis
926 3649 1061 3719 auctor,

82 3754 326 3851 OEdipodionii
345 3770 478 3841 mutent
497 3754 685 3827 diademata
708 3756 838 3826 fratres

83 3875 176 3966 Quid
192 3881 360 3972 Superos,
380 3879 575 3949 hominesve
594 3876 744 3973 queror?
766 3894 820 3969 tu,
839 3902 923 3949 saevc
941 3880 1134 3964 Menoeceu,

83 4002 133 4068 Tu
148 4001 393 4071 miseramente
410 4026 526 4072 omnes
543 4001 731 4097 properasti
747 4001 959 4097 exstinguere
978 4015 1131 4069 matrem.

86 4120 185 4191 Unde
204 4122 260 4192 hic
279 4126 397 4194 mortis
414 4124 530 4195 amor?
552 4148 626 4218 quae
642 4148 737 4194 sacra
756 4120 1037 4195 insoniamentil
