2934 4950
340 391 405 450 266*
643 389 902 448 ecmannus
922 388 1039 448 men
1060 390 1084 444 1.
1274 391 1311 453 (v.
1326 395 1389 452 ποι.)

341 519 516 609 Proxime,
537 516 595 590 sed
612 517 732 589 studiis
751 516 895 587 multum
913 517 1098 602 Mavortia,
1113 516 1246 587 Thrace
1266 542 1275 585 :

339 643 412 713 Nec
428 644 597 711 Macetum
615 664 697 735 gens
715 639 801 709 dura
818 638 944 734 placet,
962 637 1170 732 laudumque
1190 638 1307 708 daturi
1449 656 1450 665 ’

343 761 539 858 Cecropidae
555 759 710 831 stimulos
730 787 739 830 ε
757 761 899 830 nimium
915 775 1113 859 opportunae
1129 761 1255 830 carinis

340 887 474 972 Sestos,
494 882 715 977 Abydenique
729 883 822 952 sinus
838 909 848 952 :
866 880 976 977 placet
995 883 1045 951 ire
1062 906 1125 978 per
1138 880 1226 951 altus
1449 944 1450 983 3

339 1004 502 1100 Cycladas
523 1033 531 1076 :
550 1005 630 1076 hinc
650 1018 770 1100 spretae
786 995 972 1099 Myconos,
989 1001 1193 1098 humilisque
1211 1004 1392 1100 Seriphos,

339 1131 384 1198 Et
398 1132 542 1202 Lemnos
561 1153 629 1200 non
648 1137 742 1222 ‘aequa
763 1127 862 1215 viris,
877 1141 979 1221 atque
996 1127 1130 1221 hospita
1146 1124 1252 1195 Delos

341 1250 519 1321 Gentibus.
538 1239 670 1319 linbelli
691 1274 800 1345 nuper
815 1247 1014 1344 Lycomedis
1029 1249 1065 1317 in
1081 1246 1159 1318 aula

339 1372 518 1467 Virgineus
537 1387 661 1461 coetus,
684 1386 719 1441 et
735 1369 835 1442 litora
850 1394 993 1466 persona
1007 1370 1091 1441 ludo

338 1492 518 1581 Audierat,
540 1493 643 1563 duros
660 1491 828 1564 laxantem
842 1497 1004 1588 AEgaeom
1024 1518 1131 1564 nexus

337 1617 442 1686 Missa
459 1617 571 1711 sequi,
589 1633 792 1712 centumque
813 1620 877 1688 Dei
899 1643 1079 1688 numerare
1094 1633 1241 1688 catenes.

338 1742 417 1808 Haec
435 1737 561 1834 placet,
581 1739 653 1810 haec
671 1738 799 1810 timidae
817 1738 918 1811 tellus
937 1742 1104 1812 tutissima
1122 1743 1235 1811 matri.

387 1859 508 1948 Qualis
530 1862 641 1930 vicino
662 1860 807 1932 volucris
821 1863 892 1957 jam
912 1861 1029 1932 sedula
1046 1876 1164 1959 partu,

334 1985 477 2076 Jamque
490 1983 630 2071 timens,
645 2009 713 2078 qua
730 1983 851 2053 fronde
864 1982 1003 2055 domum
1014 1983 1199 2080 suspendat
1212 1987 1366 2070 inanem,

336 2103 495 2173 Providet
510 2103 589 2173 hinc
608 2120 742 2193 ventos,
762 2106 842 2175 hinc
858 2108 959 2176 anxia
976 2107 1101 2202 cogitat
1120 2131 1271 2203 angues,

338 2228 427 2296 Hinc
445 2225 595 2298 homines
617 2255 626 2298 ε
643 2228 781 2299 tandem
798 2228 908 2300 dubie
920 2229 1030 2324 placet
1043 2228 1184 2318 umbre,
1200 2233 1365 2326 novisqne

334 2351 401 2418 vix
419 2351 511 2419 stetit
527 2352 563 2419 in
579 2353 702 2441 ramis,
718 2368 755 2423 et
767 2353 923 2448 protinus
939 2353 1043 2422 arbor
1061 2367 1205 2422 ematur.

384 2469 500 2543 Altera
520 2474 661 2544 coneilio
678 2490 844 2571 superest,
862 2477 1060 2570 tristemque
1079 2475 1198 2570 fatigat

338 2597 429 2664 Cura
446 2593 557 2685 deam,
576 2612 694 2667 natum
713 2598 785 2693 ipsa
799 2599 877 2668 sinu
894 2596 1068 2693 complexa
1089 2622 1151 2692 per
1169 2597 1298 2688 undas,

337 2721 388 2787 An
410 2742 535 2813 magno
549 2720 689 2789 Tritone
706 2719 812 2807 serat,
832 2736 1018 2815 ventosque
1035 2718 1192 2790 volucres

336 2838 507 2928 Advocet‚
526 2865 569 2911 an
587 2840 707 2937 pelago
723 2842 858 2913 solitam
874 2841 1123 2913 Thaumantida
1139 2848 1244 2938 pasci.

336 2958 436 3030 Elicit
454 2960 533 3030 inde
553 2961 664 3051 scetis,
684 2965 862 3039 ctmurice
880 2963 992 3035 frenat
1010 2980 1110 3037 acuto

336 3082 523 3179 Delphines
543 3083 687 3179 bijuges,
708 3110 793 3179 quoe
810 3086 858 3156 illi
878 3088 1023 3157 maxima
1041 3090 1166 3185 Tethys

336 3207 481 3299 Gurgite
500 3204 655 3277 Atlanteo
673 3206 785 3303 pelagi
806 3210 869 3279 auh
890 3208 974 3279 valle
993 3236 1117 3281 sonora

336 3328 511 3397 Nutrie'rat
529 3354 537 3396 :
559 3327 661 3399 nullis
681 3330 767 3399 vada
785 3357 845 3427 per
861 3335 1032 3429 Neptunia
1049 3331 1177 3429 glauce

335 3451 463 3517 Tantus
480 3449 590 3521 honor
608 3450 743 3539 formae,
762 3454 933 3549 nandique
949 3459 1117 3551 potentie3
1136 3482 1201 3528 nec
1220 3458 1301 3553 plus

337 3572 487 3641 Pectoris
503 3572 643 3645 humani
664 3601 672 3643 :
691 3576 789 3670 jubet
807 3577 870 3647 hos
886 3579 1068 3649 subsistere
1088 3578 1190 3675 pleno

337 3692 470 3781 Litore,
488 3718 531 3763 ne
549 3694 648 3766 nudae
666 3713 810 3767 noceant
825 3701 979 3796 contagia
1000 3716 1107 3772 terrae.

337 3816 415 3908 lpse
431 3814 552 3885 dehinc
571 3831 643 3887 toto
661 3816 848 3889 resolutum
862 3837 998 3916 pectore
1014 3822 1198 3908 Achillem,

336 3936 404 4024 Qui
424 3938 536 4031 pueris
554 3964 666 4035 sopor,
685 3943 849 4013 Haemonii
869 3943 913 4013 de
926 3944 1067 4039 rupibus
1087 3948 1176 4015 antri

336 4055 386 4126 Ad
407 4054 554 4152 placidas
575 4060 729 4156 deportat
751 4090 868 4159 aquas,
889 4082 923 4136 et
939 4068 1030 4160 jussa
1048 4082 1159 4138 tacere
