2934 4950
379 470 433 527 ma
676 434 888 523 umnamos
907 461 1017 519 msa
1037 459 1102 515 vu.
1302 456 1399 517 (oua

375 594 568 688 Transigit:
589 590 652 663 illae
670 575 781 662 autem
798 588 901 685 longo
919 614 996 658 cum
1013 586 1118 656 limite
1136 585 1199 654 susi

375 716 570 811 Sanguinis,
588 712 759 807 adportas
776 710 1129 804 utrimqueexstantia
1143 706 1272 774 ducunt

375 834 510 931 Spicula
527 824 733 905 semianimes
744 862 764 921 ,‘
775 833 966 927 gemituque
983 830 1136 898 imitante
1153 822 1322 922 querelas,

374 958 493 1029 Saucia
511 954 641 1025 dilectis
657 953 824 1025 aeclinant
842 968 981 1049 pectora
997 952 1112 1019 muris.

422 1076 561 1172 Templa
578 1090 690 1172 putes,
708 1074 892 1168 urbemque
912 1073 1004 1168 rapi,
1019 1070 1214 1164 facibusque
1232 1065 1373 1137 nefandis

306 1176 309 1181 ἱ
374 1198 528 1269 Sidonios
546 1195 663 1267 ardere
678 1193 764 1265 lares
781 1221 789 1263 ε
809 1195 856 1263 sic
875 1192 1002 1262 clamor
1021 1192 1144 1287 apertis

373 1320 531 1391 Exoritur
550 1318 654 1386 muris
671 1342 679 1385 ε
699 1314 837 1385 mallent
854 1312 1021 1384 cunabula
1038 1313 1152 1408 magni

373 1438 544 1527 Herculis,
564 1453 623 1508 aut
642 1430 786 1507 Semeles
803 1433 1007 1523 thalamum,
1026 1449 1085 1504 aut
1101 1430 1272 1529 penetrale
1291 1432 1384 1501 ruisse

374 1562 594 1631 Harmonies:
614 1557 724 1629 cultor
743 1558 922 1627 Baccheus
940 1561 1090 1627 Acontea
1103 1557 1261 1649 Phegeus
1332 1548 1335 1552 ’

372 1685 447 1751 Jam
464 1705 607 1751 vacuum
626 1677 718 1769 telis,
737 1680 937 1774 geminoque
958 1680 992 1746 in
1010 1678 1172 1772 sanguine
1189 1692 1342 1745 ovantem
1436 1753 1437 1756 Ἴ

373 1804 535 1874 Cominus
552 1827 629 1871 ense
645 1802 730 1899 petit
747 1826 755 1868 ε
774 1800 917 1870 subeunt
936 1803 1072 1894 Tegeaea
1085 1798 1244 1893 juventus

373 1923 505 1995 Auxilio
522 1921 609 1993 tardi
628 1949 635 1992 :
652 1922 722 2018 jam
738 1946 838 2017 supra
855 1945 948 1991 saera
966 1920 1112 1991 ferarum

373 2050 524 2139 Corpora
540 2046 692 2114 moerenti
709 2044 842 2139 juvenis
855 2027 944 2138 jacet
954 2042 1042 2113 ‘ultio
1057 2044 1200 2113 Baccho.

420 2168 603 2261 Rumpitur
619 2180 652 2235 et
670 2167 813 2235 Graium
830 2165 942 2235 subito
960 2190 1021 2261 per
1036 2182 1141 2235 castra
1163 2166 1310 2238 tumultu

372 2284 560 2360 Concilium
578 2314 585 2355 :
605 2286 692 2383 fugit
708 2294 861 2356 externos
877 2290 1006 2356 Iocasta
1024 2313 1084 2382 per
1100 2288 1227 2379 hostes,

371 2412 446 2479 Jam
465 2433 534 2478 non
552 2432 634 2478 ausa
652 2432 768 2505 preces
784 2433 792 2476 τ
807 2418 919 2496 natas,
936 2410 1108 2505 ipsamque
1127 2410 1297 2506 repellunt

372 2533 442 2621 Qui
459 2529 561 2601 modo
582 2545 649 2600 tam
669 2533 783 2617 mites3
799 2537 996 2626 et'praeceps
1017 2547 1165 2628 tempore
1181 2534 1317 2630 Tydeus

372 2655 489 2724 Utitur
507 2679 515 2722 :
536 2681 553 2718 a
564 2651 614 2722 Ite
632 2677 710 2748 age,
728 2677 818 2721 nunc
835 2677 951 2747 pacem
968 2668 1117 2748 sperate,
1137 2653 1319 2750 fidemque!

371 2777 471 2846 Nunc
484 2773 601 2844 saltem
620 2773 756 2844 differre
771 2772 888 2843 nefas?
905 2775 1058 2869 potuitne
1073 2779 1198 2846 morari

371 2901 462 2967 Dum
481 2897 622 2992 genitrix
641 2895 778 2965 dimissa
797 2895 929 2965 rediit»
948 2898 1003 2966 Sic
1021 2895 1108 2966 fatus
1125 2914 1243 2994 aperto

370 3021 459 3088 Ense
476 3032 574 3088 vocat
593 3018 724 3086 socios:
743 3043 847 3086 saevus
864 3018 935 3112 jam
954 3016 1092 3108 clamor,
1108 3020 1146 3089 ‘et
1164 3020 1222 3091 irae

369 3141 457 3209 Hinc
475 3155 574 3234 atque
592 3139 670 3208 inde
688 3138 821 3208 calent:
841 3139 934 3210 uullo
954 3143 1044 3210 venit
1061 3141 1181 3212 ordine
1192 3144 1338 3233 -bellum;

369 3259 574 3354 Confusique
589 3259 689 3328 duces
711 3258 831 3356 vulgo,
848 3277 882 3330 et
901 3259 1054 3357 neglecta
1069 3279 1248 3359 regentum

368 3382 537 3476 Imperia:
555 3404 622 3448 una
643 3382 770 3474 equites
786 3382 904 3468 mixti,
922 3382 1139 3478 peditumque
1158 3402 1314 3474 caterva,

368 3505 412 3570 Et
428 3499 537 3598 rapidi
553 3525 671 3570 currus
687 3527 694 3568 ε
710 3504 833 3596 premit
852 3501 1016 3599 indigesta
1033 3523 1168 3577 ruentes

367 3623 490 3717 Copia,
511 3647 572 3692 nec
587 3647 657 3693 sese
674 3629 772 3692 vacat
788 3619 975 3713 ostentare,
995 3651 1055 3696 nec
1073 3615 1208 3698 hostem

278 3759 282 3766 '
367 3747 514 3815 Nascere
534 3769 542 3812 :
561 3745 609 3815 sic
627 3734 745 3814 subitis
762 3746 922 3816 Thebana
942 3750 1132 3844 Argivaque
1150 3753 1257 3846 pubes

366 3865 553 3936 Conflixere
573 3865 703 3961 globis:
719 3882 809 3937 retro
825 3867 960 3958 vexilla,
980 3870 1134 3966 tubaque

365 3991 445 4058 Post
465 4003 613 4083 tergum,
636 4001 669 4058 et
688 3987 763 4058 litui
782 3989 907 4060 bellum
924 3993 1082 4062 invenere
1100 3996 1216 4065 secuti.

365 4113 491 4180 Tantus
509 4109 551 4180 ab
568 4110 689 4206 exiguo
707 4111 874 4182 crudescit
890 4116 1052 4210 sanguine
1070 4115 1224 4189 Mavors!
