2934 4950
332 458 389 517 140
635 448 846 506 Tusounos
867 448 1072 535 Lunuxvnt.
1230 448 1344 513 ‚oro-

328 576 477 671 Longius
494 569 648 669 opposita
668 571 832 645 celantem
848 569 985 643 lumina
997 598 1135 668 parma:
1180 565 1194 573 ”

327 695 403 765 Ibat
421 696 509 764 enim
529 718 687 791 magnum
702 692 857 789 lacrymis
875 692 1043 765 inflectere
1061 709 1202 789 patrem.

287 832 302 917 ,⁸
328 905 331 915 Ι
376 818 463 885 Ecce
481 830 572 885 secat
588 816 946 910 Zephyros'ingentem
964 814 1116 884 fraxinus
1129 816 1215 884 iram
1254 832 1258 839 ·

329 940 578 1029 Fortunamque
594 936 702 1006 ferens
721 962 728 1003 :
751 935 809 1005 teli
828 960 897 1005 non
913 936 1037 1005 eminet
1054 951 1182 1004 auctor.
1213 958 1216 962 ·
1260 948 1267 959 ‘

331 1056 502 1128 Astacides
516 1054 728 1151 Menalippus
750 1071 842 1143 erat;
857 1060 919 1125 nec
939 1054 1090 1151 prodidit
1105 1057 1191 1152 ipse,

331 1180 375 1246 Et
392 1174 492 1247 vellet
510 1176 645 1247 latuisse
658 1162 796 1247 manum
819 1203 827 1245 ε
847 1176 905 1245 sed
927 1175 1050 1272 gaudia
1067 1190 1186 1245 turmae

331 1298 567 1367 Monstrabant
583 1297 752 1395 trepidum
770 1325 778 1366 z
795 1297 991 1366 nam'llenus
1008 1298 1044 1365 in
1061 1295 1119 1364 ilia
1132 1294 1266 1389 Tydeus

333 1418 543 1489 Submissum
562 1416 669 1506 latus,
689 1433 723 1487 et
738 1416 843 1512 clypei
861 1416 1030 1486 laxaverat
1045 1416 1173 1485 orbem.

334 1536 523 1609 Clamorem
541 1540 640 1609 Aonii
660 1542 803 1607 miscent
821 1539 1047 1633 gemitumque
1065 1534 1212 1631 Pelasgi,
1229 1558 1234 1569 ’

336 1659 582 1753 Objectantque
601 1683 739 1747 manus,
757 1659 1053 1754 indignantemque
1068 1672 1217 1726 tuentur.

336 1779 397 1850 Ille
415 1805 476 1875 per
492 1781 681 1876 oppositos,
700 1779 801 1875 longe
818 1781 959 1850 rimatus
968 1806 989 1867 ,⁰
997 1782 1165 1867 amarum,

341 1901 541 1991 Astaciden,
562 1902 640 1970 totis
660 1902 778 1971 animae
797 1925 832 1997 se
850 1901 942 1997 cogit
961 1901 996 1969 in
1014 1900 1117 1969 ictum

340 2020 532 2116 Relliquiis,
551 2020 719 2116 telumque
737 2022 836 2115 jacit,
851 2020 942 2116 quod
962 2023 1135 2116 proximus
1154 2018 1316 2115 Hopleus
1439 2009 1440 2014 ἵ

342 2144 530 2213 Praebuerat
551 2168 558 2209 :
578 2143 664 2236 perit
684 2140 859 2236 expressus
878 2144 1053 2212 conamine
1070 2144 1218 2237 sanguis.

391 2266 488 2334 Tunc
503 2264 613 2333 tristes
633 2264 714 2332 socii
732 2262 892 2358 cupidum
909 2261 1053 2352 bellare,
1074 2263 1162 2357 (quis
1177 2258 1312 2355 ardorl)

343 2390 387 2458 Et
400 2400 592 2482 poscentem
609 2382 743 2471 hastas,
762 2382 939 2478 mediaque
957 2386 992 2452 in
1009 2398 1118 2453 morte
1136 2396 1308 2479 negantem

344 2507 540 2600 Exspirare,
558 2504 715 2594 trahunt,
734 2506 921 2600 summique
936 2507 973 2575 in
989 2508 1141 2600 margine
1149 2481 1266 2598 'campi
1342 2589 1345 2593 ¹

345 2627 507 2699 Effultum
521 2628 653 2723 gemina
669 2625 782 2698 latera·
791 2627 985 2697 inclinantia
1004 2631 1123 2730 parma

346 2753 502 2836 Ponunt,
522 2773 562 2817 ac
579 2750 657 2818 saevi
676 2747 863 2818 rediturum
882 2746 926 2816 ad
942 2747 1058 2842 proelia
1076 2748 1196 2817 Martis

348 2871 552 2940 Promittunt
568 2869 709 2939 flentes:
729 2867 787 2938 sed
806 2884 841 2937 et
858 2870 929 2963 ipse
944 2868 1098 2938 recedere
1117 2865 1256 2948 coelum,

348 2994 568 3088 Ingentesque
583 2992 713 3060 animos
732 3004 881 3098 extremo
900 2989 1023 3083 frigore
1040 2987 1107 3057 labi
1159 2996 1163 3002 '

349 3114 476 3198 Sensit,
495 3127 529 3180 et
548 3113 682 3180 innixus
694 3126 815 3208 terrae„
834 3111 1083 3198 «Miserescite,
1103 3109 1238 3193 clamat,
1271 3130 1279 3155 ’-

349 3231 516 3302 Inachidae
536 3257 544 3300 ε
565 3256 635 3300 non
652 3257 727 3302 ossa
745 3257 868 3326 precor
884 3231 1073 3302 referantur
1091 3246 1129 3300 ut
1147 3233 1269 3326 Argos,

351 3351 541 3422 AEtolumve
558 3350 660 3420 larem
676 3377 684 3420 :
700 3377 761 3422 nec
777 3354 867 3421 enim
883 3352 1063 3422 mihicura
1080 3353 1237 3447 supremi*

351 3473 512 3543 Funeris:
526 3468 583 3540 odi
598 3486 706 3558 artus,
726 3469 945 3568 fragilemque
959 3472 1050 3542 hunc
1061 3473 1218 3567 'corporis
1238 3492 1325 3539 usum

353 3597 568 3663 Desertorem
584 3593 710 3660 animi:
730 3607 846 3687 caput,
864 3618 885 3661 o
903 3608 1022 3688 caput,
1041 3619 1062 3662 ο
1078 3593 1162 3661 mihi
1180 3594 1207 3662 si
1224 3591 1293 3685 quis

353 3717 535 3808 Apportet‚
557 3711 764 3808 Menalippa,
783 3710 892 3784 tuum!
912 3739 991 3783 nam
1005 3713 1147 3784 volveris
1164 3714 1269 3782 arvis:

244 3841 249 3854 '
354 3833 440 3903 Fido
454 3833 625 3927 equidem3
642 3858 703 3903 nec
721 3858 775 3902 me
792 3836 899 3904 virtus
919 3844 1074 3929 suprema
1095 3833 1255 3904 fefellit.-··

356 3958 389 4038 Ι,
407 3978 538 4049 precor,
557 3956 649 4024 Atrei
670 3956 697 4024 si
714 3953 796 4049 quid
810 3956 870 4023 tibi
892 3957 1063 4050 sanguinis
1081 3979 1241 4048 unquam²
1262 3981 1268 3997 -.

358 4072 594 4169 HlPP⁰¹¹¹⁶d⁰¹¹
612 4101 619 4144 ²
639 4075 740 4166 vade,
760 4102 781 4145 ⁰
798 4077 915 4170 primis
928 4091 1015 4170 'puer
1036 4074 1158 4170 inclyte
1173 4071 1263 4143 hellis
