2934 4950
354 451 410 508 138
699 451 729 505 P.
752 445 1021 526 PUtthlllflsTaTtl
1287 445 1319 503 (r.
1334 447 1418 506 ιιο.)

353 580 518 651 Admotus
535 573 673 672 coujuxl
690 578 799 647 vicisti
817 573 937 672 gaudia
951 587 1042 644 certe

351 703 477 798 Ipsius,
497 699 618 769 adhrso
635 697 716 768 dum
737 711 869 793 pectore
889 719 997 791 prona
1016 706 1178 764 sacratos

352 827 443 893 Ante
462 821 564 916 pedes
582 819 681 890 avide
700 819 829 890 domini
850 834 919 888 tam
939 840 1062 912 magna
1080 815 1240 884 meromis

351 943 515 1014 Volveris
535 943 731 1013 Aonionon
749 943 797 1011 sic
814 942 849 1009 ln
865 939 992 1009 vertice
1006 935 1146 1034 gaudet,

293 1092 297 1099 ¹
351 1064 467 1154 Quam
481 1079 578 1159 pater
591 1065 706 1134 arcani
721 1061 868 1157 prefecit
883 1060 1031 1130 hiatibus
1049 1059 1138 1164 antri
1157 1125 1159 1134 ,

352 1183 484 1275 Delius,
500 1200 560 1254 aut
578 1184 678 1280 primi
697 1184 753 1254 oui
772 1185 827 1278 jus
843 1179 1031 1256 venerabile
1051 1181 1158 1276 thyrsi

352 1305 517 1392 Bacchus,
538 1321 573 1375 et
591 1306 743 1375 attonitae
762 1303 880 1374 tribuit
900 1301 1018 1373 vexilla
1038 1317 1188 1373 caterve.

400 1429 471 1499 Nec
486 1442 599 1498 umen
617 1427 673 1496 hic
688 1439 819 1496 mutua
835 1427 943 1520 quies,
963 1425 1154 1520 probitasve
1171 1421 1331 1494 secundis

352 1550 535 1636 Intumuit;
551 1564 650 1619 tenor
662 1547 752 1618 idem
768 1548 898 1636 animo,
913 1569 1090 1642 moresque
1105 1543 1266 1630 modesti,

353 1676 502 1742 Fortuna
522 1685 708 1760 crescente,
728 1681 890 1740 manent:
912 1669 1002 1740 fovet
1018 1668 1117 1738 anxia
1137 1693 1235 1738 curas

353 1791 535 1888 Conjugis,
554 1791 776 1885 hortaturque
795 1788 913 1878 simul,
933 1789 1103 1885 flectitque
1125 1788 1264 1860 labores.

353 1915 431 2007 lpsa
450 1912 554 2006 dapes
573 1909 741 2002 modicas,
761 1926 796 1982 et
815 1911 926 1982 sobria
946 1911 1067 2007 pocula
1087 1909 1207 2000 tradit,

353 2032 621 2128 Exemplumque
635 2033 679 2103 ad
693 2031 799 2103 herile
813 2049 930 2103 mouet
946 2060 955 2102 z
973 2030 1065 2103 velut
1082 2032 1215 2129 Appula
1233 2035 1362 2127 conjux

354 2154 521 2252 Agricolae
540 2156 653 2251 parci,
673 2152 726 2226 vel
747 2154 817 2227 sole
836 2155 960 2225 infecta
979 2155 1120 2242 Sabina,

355 2277 442 2365 Quae
459 2275 553 2348 videt
570 2276 714 2366 emeriti,
731 2277 801 2371 jam
823 2277 1115 2372 prospectantibus
1134 2278 1248 2366 astris,

354 2401 503 2495 Tempus
522 2396 638 2469 adesse
656 2400 735 2488 viri,
756 2422 900 2495 propere
918 2421 1116 2494 mensasque
1136 2414 1296 2493 torosque

354 2522 512 2609 Instruit,
532 2536 769 2618 exspectatque
789 2544 910 2592 sonum
929 2521 1101 2593 redeuntis
1120 2522 1233 2591 aratri.

402 2645 511 2712 Parra
531 2640 680 2737 loquor:
701 2656 813 2714 tecum
835 2641 961 2740 gelidas
982 2666 1093 2713 comes
1115 2640 1172 2711 illa
1192 2668 1254 2736 per
1275 2646 1417 2727 Arctos,

355 2764 619 2858 Sarmaticasque
636 2765 779 2854 hiemes,
800 2766 1006 2858 Istrumque,
1027 2778 1059 2834 et
1079 2762 1203 2858 pallida
1224 2764 1339 2833 Rheni

354 2885 509 2979 Frigora,
526 2899 637 2955 tecum
651 2909 769 2955 omues
783 2886 897 2954 animo
913 2884 1036 2954 durare
1051 2908 1112 2979 per
1126 2899 1240 2971 estus,

355 3008 414 3092 Et,
434 3006 463 3074 si
482 3020 591 3075 castra
611 3004 747 3092 darent,
767 3002 867 3075 vellet
887 3021 1016 3100 gestare
1036 3006 1228 3100 pharetras,

355 3123 467 3195 Vellet
485 3126 668 3197 Amazoma
685 3123 773 3195 latus
792 3124 1018 3195 intercludere
1034 3125 1141 3221 pelta3

356 3250 449 3315 Dum
470 3261 503 3315 te
522 3243 681 3340 pulverea
699 3242 867 3315 bellorum
884 3246 918 3315 in
935 3247 1025 3319 nube
1045 3246 1175 3319 videret

357 3367 497 3437 Caesarei
516 3390 621 3462 prope
638 3366 766 3437 hulmen
783 3368 877 3462 equi,
897 3367 1077 3463 divinaque
1097 3368 1164 3439 tela

357 3487 568 3575 Librantem,
588 3502 621 3556 et
641 3512 770 3584 magnae
791 3513 944 3584 sparsum
965 3489 1144 3561 sudoribus
1163 3491 1277 3562 hastae.

404 3612 592 3697 Hactenus,
609 3607 697 3679 alma
708 3610 820 3706 chelys
835 3638 843 3680 :
858 3626 991 3707 tempus
1007 3636 1098 3681 nuno
1116 3638 1243 3711 ponere
1258 3615 1418 3707 frondes,

357 3729 498 3820 Phoebe,
518 3744 612 3821 tuas,
632 3742 817 3827 moestaque
838 3756 968 3803 comam
988 3734 1148 3806 damnare
1168 3760 1339 3831 cupresso.

357 3852 524 3941 Quisnam
539 3852 704 3947 impacata
720 3854 1010 3950 consanguinitate
1026 3853 1142 3951 ligavit

357 3973 541 4041 Fortunam
557 3972 791 4068 Invidiamque
805 3974 916 4046 Deus?
929 3976 1004 4070 quis
1018 3976 1116 4071 jussit
1132 3978 1264 4073 iniquas

358 4093 533 4163 AEternum
553 4092 677 4164 bellare
698 4093 810 4167 Deos?
828 4094 998 4167 nullamne
1019 4100 1147 4169 notavit
