2934 4950
423 505 584 560 NOTITIA
604 505 842 561 mutuanti.
1139 528 1158 560 v

110 652 167 720 per
188 628 258 696 fere
277 626 416 696 modum
436 653 603 721 egressus,
629 655 736 724 eoque
752 634 826 725 ipso
849 629 1005 721 inferior,
1030 634 1121 727 quotl
1138 660 1157 702 e

107 752 237 842 magnis
259 751 438 838 tumentia,
464 777 482 819 e
510 750 719 822 mirabilibus
751 753 939 844 repetitura
960 769 994 823 et
1016 755 1156 850 puerilia

106 869 218 938 effecit
231 872 284 937 *.n
302 873 372 940 Suo
390 885 540 965 tempore
559 875 676 965 quanti
694 872 959 961 fueritlrabitus,
974 877 1156 944 ostendunt

107 1017 221 1060 vernus
238 989 426 1079 iuvenalis,
450 1015 517 1078 vu,
540 991 585 1062 82
607 1017 680 1087 sqq.
701 1020 709 1060 ε

229 1185 361 1240 Curritur
374 1185 412 1242 ad
425 1204 526 1242 vocem
537 1186 695 1259 jucundam
709 1200 743 1252 et,
751 1208 864 1245 carmen
877 1191 973 1247 amica

227 1278 403 1350 Thebaidos,
416 1279 508 1335 laetam
522 1280 589 1336 fecit
603 1301 692 1356 quum
706 1283 812 1339 Statius
825 1285 948 1354 Urbem,

226 1371 418 1448 Promisitque
431 1371 507 1428 diem
521 1393 529 1428 τ
543 1385 620 1430 tanta
638 1373 790 1432 dulcedine
804 1387 903 1449 captos

229 1461 326 1521 Afficit
338 1463 385 1520 ille
398 1463 522 1535 animos,
537 1475 672 1542 tantaque
686 1468 807 1524 libidine
820 1469 900 1544 vulgi

227 1556 368 1612 Auditur!
383 1557 434 1614 sed
447 1577 537 1632 quum
550 1559 635 1636 fregit
648 1561 781 1617 subsellia
795 1581 896 1632 versu,

227 1649 338 1719 Esurit,
352 1649 488 1707 intactam
501 1651 597 1708 Paridi
614 1653 668 1708 nisi
683 1653 790 1709 vendat
802 1657 927 1730 Agaven.

107 1826 131 1892 l.
157 1851 189 1892 e.
213 1826 279 1892 nisi
296 1826 507 1918 tragoediam,
531 1827 682 1896 nondum
711 1829 746 1896 in
767 1853 865 1898 scena
887 1828 1084 1916 exhibitam,
1104 1828 1157 1898 hi·

107 1945 290 2014 strionibus
308 1946 350 2014 ad
371 1945 537 2039 agendum
556 1946 701 2035 vendat,
721 1951 834 2044 itaque
857 1973 1037 2045 pauperem
1055 1949 1156 2016 vitam

107 2080 280 2138 sustentet.

151 2193 205 2258 Ex
225 2190 472 2284 scriptis-Statii
491 2206 620 2261 aetatem
642 2191 793 2262 tulerunt

152 2315 176 2380 l.
205 2313 394 2382 Srnvunurr
414 2311 495 2382 libri
520 2319 555 2384 V
556 2366 567 2398 ‚
595 2316 664 2384 sive
677 2313 829 2383 collectio
856 2316 1064 2402 carminum,
1083 2338 1156 2406 quae

109 2432 154 2502 rel
179 2435 214 2503 in
245 2435 476 2530 imperatoris,
505 2434 556 2507 vel
582 2437 615 2505 in
637 2437 822 2507 amicorum
840 2437 996 2530 gratiam,
1014 2433 1066 2505 vel
1091 2431 1157 2504 alia

110 2581 319 2651 quacumque
339 2560 513 2628 occasione
532 2558 644 2629 oblata
661 2561 763 2628 variis
783 2559 989 2653 temporibus
1012 2559 1165 2652 scripsit,

110 2676 262 2769 Epistolae
281 2678 324 2746 ab
353 2679 426 2774 ipso
445 2678 585 2772 singulis
610 2678 702 2749 libris
722 2682 898 2774 praemissae
921 2702 1036 2747 eorum
1054 2678 1155 2770 origi-

111 2821 181 2865 nem
199 2797 363 2867 indicant.
384 2799 551 2887 Quintum
568 2799 690 2869 librum
719 2804 789 2896 ipse
807 2802 904 2869 vivus
924 2797 1066 2868 edidisse
1084 2822 1154 2866 non

111 2918 250 3007 videtur,
275 2919 333 2989 sed
358 2936 434 3015 post
453 2946 529 2991 eum
557 2924 663 2991 amica
686 2920 799 3016 aliqua
814 2946 934 2991 manus
957 2945 965 2987 :
989 2944 1067 2988 nam
1086 2942 1156 2987 car-

111 3041 196 3109 mina
209 3038 341 3134 aliquot
358 3042 507 3111 eontinet
526 3068 687 3136 perquam
705 3040 910 3136 imperfecta.

154 3162 196 3230 11.
218 3164 427 3232 Tnannrnos
447 3162 524 3232 libri
540 3167 626 3249 XII,
646 3188 748 3258 quam
771 3165 841 3257 ipse
858 3162 940 3231 dicit
957 3185 1018 3257 per
1032 3159 1157 3229 duode·

114 3281 172 3349 cim
187 3306 296 3350 annos
307 3283 451 3353 assidua
468 3284 548 3353 lina
564 3286 754 3369 orucians&
771 3298 804 3352 et
819 3279 1101 3351 immortalitatem
1116 3304 1155 3348 ex

149 3498 163 3527 ’
173 3502 380 3558 Recentiorum
394 3502 503 3576 judicia
516 3504 553 3561 de
573 3506 665 3561 Statio
680 3505 703 3562 si
722 3505 879 3574 decideras,
899 3502 966 3559 vide
979 3504 1021 3557 La
1037 3501 1155 3568 Hnn,

116 3588 193 3647 Com
210 3594 248 3648 de
268 3596 444 3665 litterature,
469 3608 544 3671 part.
564 3616 594 3667 1,
611 3598 655 3653 ch.
679 3606 712 3668 4,
733 3610 800 3654 sect.
824 3616 858 3667 2;
876 3599 1049 3663 Vonrnru,
1070 3594 1158 3647 Essai

112 3702 158 3739 sur
173 3688 202 3740 la
215 3689 315 3759 poesie
330 3689 448 3763 epulae,
464 3708 488 3745 o.
507 3698 539 3760 4,
553 3689 633 3759 init.;
652 3691 809 3763 prasertim
827 3690 964 3759 Naunnr,
976 3684 1157 3759 Biogrophaee
1198 3736 1201 3739 ,

112 3778 287 3849 uocemue,
302 3791 323 3835 t.
339 3800 432 3851 xnur,
446 3782 510 3837 sub.
522 3801 550 3837 v.
570 3783 671 3839 Srtcn.
691 3784 770 3838 inter
783 3785 957 3851 Germanos,
970 3781 1075 3835 Murco
1089 3776 1155 3850 epi·

113 3886 158 3925 coe
170 3884 269 3945 poetas
281 3891 431 3944 romanos,
445 3874 497 3948 qui
509 3885 576 3948 post
591 3874 746 3951 Virgilium
758 3875 889 3944 fuerunt,
902 3872 978 3928 inter
991 3889 1020 3927 se
1035 3869 1156 3925 contulit

112 3960 141 4016 in
160 3966 215 4020 vol.
238 3985 297 4021 vm
313 3965 381 4021 libri
396 3986 403 4019 :
420 3967 591 4041 Nachtroege
611 3987 645 4021 zu
666 3966 776 4022 Sulzers
792 3965 1031 4040 Encyclopoedr'e3
1053 3971 1156 4035 praeter

111 4054 184 4110 hunc
205 4058 374 4113 consulendi
387 4060 524 4114 Hermus
542 4058 572 4113 in
595 4058 762 4132 praelatione
785 4058 852 4115 edit.
881 4058 1035 4123 Silvomm,
1054 4055 1154 4109 Bm·

115 4164 225 4217 rnnr,
246 4150 406 4205 lloemr'srhc
422 4152 740 4226 litteram-geschichte.
