2934 4950
353 435 409 510 198
664 433 877 496 Tmnmos
898 433 1012 490 unna
1032 431 1073 488 X:
1290 435 1396 500 (tut)

349 565 451 632 Nunc
467 557 619 654 jaculum
639 583 778 640 excusso
791 575 885 632 rotat
904 559 941 642 in
959 557 1103 635 sublime
1119 558 1263 648 incerto,

347 682 517 777 Nullaque
531 697 696 756 tectorum
714 681 807 754 subit
826 681 871 752 ad
890 681 1046 776 fastigia,
1069 705 1144 776 quae
1158 707 1228 764 nnn

346 805 481 878 Deserat
498 805 595 876 hasta
614 806 722 876 virum
731 857 744 897 ,
766 804 968 900 perfusaque
982 803 1072 886 cede
1088 823 1251 886 recurm

347 935 419 1004 Nec
434 931 504 1024 jam
521 945 579 1000 aut
596 928 764 1024 Tydeum,
785 944 844 1005 aut
860 929 1133 1024 Hippomedonta
1151 945 1360 1026 peremptos,

346 1059 414 1126 Aut
431 1067 542 1122 vatem
559 1049 703 1147 Pelopea
722 1049 886 1146 phalanx,
904 1065 965 1122 nut
979 1051 1112 1122 Arcada
1129 1052 1300 1130 eredunt:

344 1177 439 1267 Quin
457 1175 585 1246 socium
603 1176 722 1246 coiisse
740 1177 884 1262 animas,
901 1189 937 1246 et
951 1199 1093 1268 corpore
1110 1175 1147 1255 in
1166 1199 1237 1244 uno

344 1301 438 1370 Stare
454 1323 570 1370 omnes
586 1323 595 1366 ε
615 1299 662 1366 ita
679 1311 801 1368 cuneta
817 1295 926 1393 replet
939 1322 948 1365 ι
967 1321 1041 1369 non'
1054 1295 1158 1369 ultius
1171 1284 1267 1382 retas,

343 1422 422 1492 Non
438 1417 564 1507 cultus,
581 1445 651 1488 nnn
671 1419 781 1489 forma
796 1433 935 1500 mnvett
956 1417 1189 1514 pugnantibus
1198 1420 1308 1506 idem,

342 1541 623 1639 Supplicibusque
641 1540 724 1622 furit
748 1568 758 1610 r
783 1565 852 1612 nnn
879 1541 1057 1636 qnisquam
1074 1541 1238 1624 obsistere
1254 1558 1387 1630 contra,

342 1665 420 1734 Non
440 1661 519 1737 belli
536 1678 666 1734 tentare
687 1663 775 1734 vines
793 1689 801 1732 :
819 1660 938 1757 procul
956 1687 1050 1737 ama
1068 1662 1229 1750 fitmntis,
1331 1692 1335 1698 ’

340 1783 586 1880 Terribilesque
599 1784 716 1880 jubes,
736 1798 772 1854 et
790 1783 937 1869 frontem
955 1782 1093 1870 cassidis
1112 1783 1261 1866 horrent.

391 1911 433 1978 At
450 1908 526 2003 pius
543 1905 646 1979 electa
664 1931 841 1989 murorum
859 1908 896 1978 in
915 1920 1010 2001 parte
1028 1909 1245 1996 Menoeceus,

339 2033 413 2098 Jam
433 2053 525 2098 sacer
544 2028 703 2124 adspectu
719 2027 888 2123 solitoque
901 2029 1078 2124 augustior
1095 2053 1172 2116 ore,

340 2155 412 2222 Ceu
432 2151 543 2224 subito
563 2151 597 2220 in
616 2165 720 2222 terras
740 2176 863 2246 supero
880 2150 1043 2227 demissus
1059 2149 1104 2230 nb
1119 2174 1196 2238 axe,

339 2275 515 2360 Constitit,
536 2289 688 2369 exempta
707 2273 906 2357 manifestus
924 2270 1052 2344 midde
1070 2275 1185 2360 nosci,

338 2398 566 2493 Despexitque
583 2397 670 2479 acies
688 2396 884 2483 hominurn,
902 2410 937 2464 et
956 2394 1103 2478 clamore
1120 2395 1291 2491 pnfundo

339 2522 513 2591 Convertit
530 2544 686 2616 campum
697 2574 707 2607 ,
720 2520 889 2615 jussitque
907 2519 1039 2603 silentiu
1054 2517 1155 2592 bello.

386 2674 403 2709 α
419 2646 599 2722 Armorum
619 2642 756 2737 Superi,
773 2656 879 2736 tuque
896 2667 919 2711 ο
932 2644 990 2736 qui
1004 2640 1122 2726 ὢιιοκ
1137 2658 1233 2727 tanto

337 2763 496 2861 Indulges
512 2764 610 2851 mihi,
628 2765 768 2853 Phoebe,
786 2766 887 2853 mori,
906 2762 983 2835 date
999 2763 1122 2861 gaudio
1140 2765 1279 2853 Thebis,

336 2888 422 2977 Quae
439 2887 574 2981 pepigi,
592 2900 625 2955 et
644 2900 717 2957 tntn
735 2910 811 2983 qun
826 2886 1166 2983 sanguinepnodigus
1180 2889 1257 2957 erni.

338 3009 434 3077 Ferte
452 3023 544 3077 retro
559 3005 705 3095 bellum,
722 3022 893 3103 captaeque
913 3008 1091 3105 impingite
1106 3011 1225 3081 Iernae

336 3127 517 3224 Reiliquias
533 3144 667 3225 turpes,
680 3129 884 3225 confixaque
900 3145 996 3226 terge
1009 3129 1160 3207 forentes

335 3249 478 3321 Inachus
494 3250 666 3323 indecores
682 3266 780 3347 peter
795 3268 969 3332 aversetur
982 3250 1147 3328 alumnos.

339 3375 378 3441 ht
394 3372 504 3467 Tyriis
521 3370 665 3467 templu,
684 3398 782 3461 arva,
798 3372 932 3462 binos,
948 3374 1136 3464 connubia,
1156 3391 1249 3453 nntnn

334 3490 476 3563 Reddite
493 3509 601 3565 morte
614 3520 687 3567 men
705 3521 714 3565 ε
734 3496 763 3567 ei
778 3520 838 3567 vos
853 3494 986 3592 placida
1001 3497 1112 3608 hostie
1122 3498 1213 3593 juvi,
1280 3542 1284 3547 ·
1434 3593 1435 3628 ,

332 3615 366 3683 Si
385 3640 454 3685 non
467 3618 619 3688 attonitis
636 3620 722 3691 rutis
740 3617 895 3692 consulta
910 3622 1021 3717 recepi

332 3739 495 3826 Auribus,
513 3756 546 3810 et
562 3742 686 3825 Thebis
704 3741 858 3813 nondum
874 3743 1090 3823 orodentibus
1106 3744 1222 3833 tunsi,

331 3862 409 3929 Haec
427 3860 640 3957 Amphioniis
662 3888 724 3959 pro
740 3888 799 3945 nne·
806 3862 987 3959 persolvite
1003 3866 1121 3956 terris,

330 3983 379 4049 Ac
394 3982 476 4053 mibi
496 3982 690 4079 deceptum,
707 4007 838 4083 precor,
856 4002 993 4061 exorate
1009 4004 1194 4085 puentem.
1205 4022 1222 4057 »

381 4105 435 4173 Sic
453 4106 513 4195 ait,
533 4106 764 4203 insignemque
780 4110 927 4184 unimam
943 4136 1106 4185 mucrone
1123 4136 1257 4184 cornino
