2934 4950
79 463 116 524 (s.
134 461 205 526 με.)
405 457 619 518 rrnmmos
641 461 753 518 mnus
771 462 811 518 x.
1085 485 1137 541 197

78 594 164 663 Nou
178 605 278 660 teneo
296 573 307 658 r
322 586 421 658 liceat
437 590 561 658 misero
576 589 796 658 tremebunda
811 587 922 660 lavare
1001 637 1003 640 ⁴

80 713 254 803 Vulnera,
273 727 309 782 et
326 693 518 782 undantem¹
529 709 684 808 lacrymis
704 714 830 783 siccare
849 737 1025 800 cruorem,

78 841 198 933 Teque
214 839 337 906 iterum
353 836 466 928 seris,
484 834 674 930 iterumque
691 815 863 906 remittere
877 835 982 906 bellis.

78 963 158 1031 Hoc
172 957 305 1029 malunt
323 958 457 1030 Thebae.
471 985 489 1022 u
510 958 565 1027 Sic
582 955 668 1028 colla
686 983 874 1054 manusque
888 960 1026 1029 tenebat

77 1080 269 1178 Implicitus
286 1108 295 1152 τ
314 1081 371 1151 sed
387 1105 449 1152 nec
465 1079 618 1177 lucrymae
636 1059 699 1152 nec
716 1081 820 1152 verba
836 1081 1017 1152 movebant

78 1205 144 1274 Dis
162 1217 280 1299 votum
293 1205 449 1299 juvenem
465 1231 473 1272 :
491 1205 573 1298 quin
591 1219 624 1274 et
640 1206 905 1274 monstrantibus
924 1204 989 1275 illis

77 1325 215 1396 Fraude
234 1333 366 1420 patrem
381 1327 481 1396 tacita
500 1324 607 1414 subit,
625 1327 813 1420 avertitque
830 1329 986 1398 timorem
1004 1353 1011 1395 :

127 1477 145 1512 a
163 1445 302 1518 Falleris
318 1446 405 1533 heu,
422 1469 584 1541 verosque
598 1461 725 1536 metus,
742 1463 838 1545 pater
859 1451 1002 1544 optime,
1015 1453 1137 1520 nescis.

15 1659 21 1680 ¹
76 1575 161 1643 Non
180 1595 235 1640 me
251 1567 312 1639 ulli
328 1570 490 1658 monitus,
507 1593 569 1638 nec
584 1581 700 1639 vatum
717 1595 834 1640 exorsa
851 1570 1023 1642 lirrentum

77 1691 287 1780 sollicitant,
304 1693 486 1785 manesque
510 1706 674 1761 movent:
696 1691 760 1761 sibi
780 1690 924 1764 callidus
937 1695 1002 1763 ista

76 1816 246 1903 Tiresias,
266 1827 418 1907 nataeque
439 1827 564 1884 canat:
585 1837 655 1882 non
674 1791 702 1882 si
721 1815 793 1910 ipse
808 1813 949 1886 reclusis

77 1939 246 2010 Cominus
262 1960 303 2004 ex
324 1935 430 2030 adytis
449 1937 483 2004 in
506 1941 563 2004 me
580 1919 742 2006 insaniret
761 1936 893 2033 Apollo.

78 2057 148 2131 Sed
167 2058 281 2154 gravis
298 2041 452 2127 unanimi
470 2081 566 2126 casus
588 2081 642 2126 me
657 2055 774 2127 fratris
790 2059 834 2129 ad
852 2059 971 2130 urbem

77 2185 210 2278 Sponte
228 2179 329 2250 refert
347 2203 356 2248 ε
375 2181 480 2276 gemit
495 2179 633 2250 inachia
650 2181 734 2250 mihi
752 2184 885 2253 saucius
901 2161 1041 2254 Hauon

77 2300 231 2400 Cuspide
250 2329 258 2373 :
280 2303 337 2372 vix
356 2299 452 2374 illum
469 2301 581 2372 medio
600 2300 642 2372 de
660 2301 800 2399 pulvere
817 2300 899 2372 belli

77 2431 177 2497 Inter
193 2439 355 2522 utrosque
371 2426 477 2515 acies,
493 2423 699 2521 jamjamque
715 2404 907 2496 tenentibus
926 2427 1039 2523 Argis.

78 2548 149 2622 Sed
166 2572 282 2619 moror
301 2574 309 2617 :
330 2549 358 2637 i,
379 2530 492 2619 refove
510 2546 667 2634 dubium,
686 2546 860 2641 turboque
883 2548 1004 2620 ferenti

76 2674 166 2763 Dic,
186 2684 343 2767 pareant,
361 2669 544 2765 leviterque
562 2670 711 2740 vehant:
732 2694 796 2765 ego
814 2668 954 2740 vulnera
972 2670 1111 2742 doctum

76 2798 250 2889 Jungere,
270 2794 484 2889 supremique
503 2792 617 2887 fugam
637 2816 796 2861 revocare
811 2792 958 2881 cruoris,

77 2916 246 2986 AEchionu
260 2929 385 3010 petum.
401 2942 418 2980 n
435 2916 491 2986 Sic
508 2913 704 3008 imperfecte
723 2912 855 2985 locutus
969 2895 972 2899 ¹

77 3036 238 3131 Effugit:
259 3034 306 3105 illi
326 3050 399 3106 atra
415 3059 562 3105 mersum
582 3034 726 3131 ealigine
743 3050 861 3132 pectus

79 3156 249 3229 Confudit
266 3182 403 3227 sensus:
426 3159 532 3253 pietas
551 3160 678 3227 incerte
694 3172 848 3254 vagatur,

78 3280 356 3375 Discordantque
374 3292 508 3350 metus:
529 3279 707 3375 impellunt
726 3279 862 3349 credere
876 3282 1000 3350 Parcae.

129 3400 303 3472 Turbibus
319 3402 572 3497 interea-ruptis
591 3403 760 3471 venientia
781 3380 891 3496 portis

79 3525 232 3623 Agmina
248 3523 402 3621 belligeri
412 3526 595 3618 'Capaneus
616 3526 686 3619 ugit
701 3547 837 3618 aequore
857 3524 978 3618 campi.

78 3654 222 3720 Cornua
239 3671 331 3716 nunc
350 3647 519 3742 equiturn,
538 3672 664 3716 cuneos
681 3670 776 3714 nunc
795 3644 852 3713 ille
868 3644 1055 3739 pedestres,

78 3774 125 3840 Et
146 3766 381 3865 proculcantes
399 3766 635 3839 moderantum
654 3767 773 3839 funera
790 3790 926 3855 currus3

79 3890 177 3960 Idem
196 3888 281 3960 altas
299 3876 583 3981 turressaxis,'et
605 3890 742 3961 turbine
759 3889 881 3960 erebro

79 4016 217 4082 Laxat:
236 4014 306 4109 ugit
325 4026 452 4083 turmas
468 4013 578 4101 idem,
597 4028 697 4108 atque
712 4013 748 4081 in
765 4012 928 4108 sanguiue
946 4012 1063 4080 sumat.

81 4136 114 4203 N
117 4160 186 4203 unc
204 4135 332 4231 spargit
350 4150 514 4230 torquens
532 4134 659 4206 volucri
678 4150 772 4205 'nova
785 4132 925 4203 vulnera
942 4131 1098 4227 plumbo,
