2934 4950
364 384 399 439 82
692 372 903 435 Tmamo's
923 374 1032 437 msa
1053 373 1104 427 vl.
1285 365 1382 429 (ῑτῑὶ)

364 512 396 577 Is
415 510 510 602 vigor
529 508 681 602 ingenio,
701 516 793 572 tanta
810 500 1013 595 experientia
1027 496 1152 565 dextrae
1166 509 1234 580 est,

364 627 463 698 Ultro
481 626 588 697 audax
605 626 723 701 animis
741 625 909 715 intratque
927 636 962 689 et
978 618 1175 703 obumbrat,
1191 630 1227 683 et
1242 612 1305 681 alte

253 788 260 801 ·
365 749 494 835 Assilit3
514 764 552 818 ut
570 772 715 842 preceps
732 742 868 818 cumulo
886 740 964 813 salit
981 739 1074 812 unda
1090 740 1253 809 minantes

365 876 404 940 ln
426 868 599 965 scopulos,
620 882 651 937 et
671 866 776 935 fracta
795 864 900 949 redit,
920 864 967 931 sic
986 860 1041 931 ille
1058 860 1225 929 furentem

365 993 494 1062 Circuit
513 1012 707 1085 expugnans
724 1012 732 1054 :
749 983 838 1055 levat
855 1008 948 1069 eece,
966 982 1094 1075 diuque
1110 982 1257 1051 minatur

367 1111 528 1195 inlatus,
547 1112 647 1203 inque
669 1105 784 1177 oculos
804 1132 811 1173 :
829 1103 924 1175 illurn
944 1102 1053 1195 rigida
1070 1126 1163 1171 arma
1181 1116 1346 1171 caventem

367 1237 512 1319 Avoeat,
529 1245 563 1299 et
576 1228 730 1299 manibus
748 1227 950 1319 necopinum
966 1224 1135 1293 interserit
1153 1224 1256 1292 ictum

371 1350 536 1439 Callidus,
559 1375 597 1422 ao
618 1348 761 1419 mediam
777 1346 931 1441 designat
949 1342 1085 1414 vulnere
1100 1344 1255 1413 frontem.

417 1476 436 1540 J
439 1497 490 1539 am
511 1495 628 1554 cruor,
650 1484 684 1537 et
701 1466 817 1565 tepido
830 1467 1005 1561 signantur
1023 1480 1178 1560 tempora
1194 1467 1277 1535 rivo.

371 1594 483 1664 Nescit
492 1592 600 1661 adhuc
613 1594 803 1684 Capaneus,
817 1587 1032 1681 subitumque
1042 1612 1103 1681 per
1112 1588 1246 1681 agmina
1261 1609 1391 1660 murmur
1436 1681 1437 1684 Ἴ

370 1716 538 1783 Miratur:
557 1736 672 1781 verum
693 1724 731 1778 nt
749 1709 868 1779 fessam
887 1733 989 1803 super
1006 1733 1066 1777 ora
1086 1707 1219 1777 reduxit
1436 1711 1437 1720 ’

371 1838 470 1904 Forte
488 1856 643 1917 manum,
657 1846 690 1901 et
706 1855 837 1903 summo
854 1827 1002 1900 maculas
1019 1832 1053 1898 in
1072 1827 1195 1899 vellere
1212 1828 1314 1916 vidit,

372 1958 451 2027 Non
469 1954 540 2043 leo,
560 1980 627 2023 non
641 1951 754 2047 jaculo
773 1967 905 2029 tantum
923 1951 1095 2047 indignata
1111 1966 1244 2045 recepto

372 2078 482 2173 Tigris
498 2103 506 2144 z
522 2077 590 2171 agit
607 2090 678 2146 toto
699 2073 872 2144 cedentem
890 2072 1038 2146 fervidus
1056 2098 1136 2143 arvo

373 2200 624 2291 Pracipitatque
643 2211 732 2268 retro
751 2197 931 2289 juvenem,
951 2210 1052 2288 atque
1069 2196 1103 2265 in
1124 2210 1217 2290 terga
1234 2196 1373 2289 supinat,

373 2318 540 2389 Dentibus
558 2316 764 2387 horrendum
786 2315 946 2397 stridens,
967 2318 1180 2412 geminatque
1197 2331 1320 2386 rotatas

374 2437 642 2534 Multiplieatque
659 2463 778 2508 manus
798 2464 806 2507 :
824 2440 960 2532 rapiunt
976 2436 1154 2510 conamina
1173 2440 1284 2526 venti,

374 2565 453 2632 Pars
471 2561 560 2630 cadit
578 2561 612 2628 in
632 2574 748 2629 caestus
764 2585 771 2625 ε
789 2573 883 2630 motu
904 2563 1088 2653 Spartanus
1104 2575 1202 2628 acuto

376 2680 469 2751 Mille
489 2695 582 2750 cavet
603 2679 711 2774 lapsas
732 2681 859 2750 circum
879 2705 963 2750 cava
982 2694 1131 2775 tempora
1149 2695 1288 2769 mortes,

375 2801 575 2896 Auxilioque
594 2779 742 2895 pedum:
764 2800 839 2888 sed,
860 2826 928 2870 non
948 2815 1060 2872 tamen
1078 2802 1255 2871 immemor
1271 2804 1361 2886 artis,

375 2922 543 2994 Adversus
564 2921 667 3016 sugit,
686 2936 719 2992 et
734 2922 866 3018 fugiens
884 2938 994 2993 tamen
1011 2925 1132 2993 ictibus
1154 2924 1274 2995 obstat.

424 3047 468 3113 Et
486 3046 557 3137 jam
576 3059 756 3138 utrumque
774 3043 881 3132 labor,
900 3047 1109 3139 suspiriaque
1126 3071 1217 3141 aegra
1236 3046 1372 3141 fatigant

376 3164 516 3236 Tardius
535 3163 590 3236 ille
611 3166 757 3258 premit:
776 3191 837 3236 nec
852 3166 925 3259 jam
940 3167 995 3235 bic
1013 3167 1171 3238 absistere
1188 3167 1303 3240 velox:

377 3286 574 3380 Defectiqne
592 3287 690 3356 ambo
710 3287 868 3381 genibus,
889 3289 1079 3382 pariterque
1094 3291 1260 3382 quierunt

426 3408 480 3475 Sic
500 3406 556 3475 ubi
576 3407 676 3502 longa
696 3433 800 3504 vagos
817 3405 984 3479 lassarunt
1003 3407 1137 3508 aequora
1158 3427 1292 3498 nautas,

382 3531 426 3598 Et
443 3531 538 3622 signo
557 3527 599 3598 de
619 3553 731 3623 puppe
748 3530 828 3599 dato
846 3553 988 3625 posuere
1006 3555 1187 3626 parumper

379 3649 538 3739 Brachia5
559 3651 613 3718 vix
631 3651 783 3744 requies,
799 3651 870 3743 jam
887 3675 954 3721 vox
970 3653 1036 3723 ciet
1052 3641 1157 3724 altera
1173 3680 1291 3728 remos.

429 3773 515 3838 Ecce
530 3771 651 3843 iterum
667 3771 846 3843 immodice
866 3775 1054 3847 venientem
1072 3773 1196 3862 eludit,
1214 3793 1248 3846 et
1265 3778 1329 3857 exit
1436 3754 1437 3799 3

381 3895 507 3987 Sponte
525 3916 641 3982 ruens,
660 3917 855 3988 mersusque
873 3896 1020 3969 humeris
1039 3924 1047 3996 ς
1067 3896 1255 3970 effimditur
1274 3898 1326 3969 itte

381 4017 419 4082 In
441 4029 541 4108 eaput
561 4039 568 4082 ε
588 4032 821 4111 assurgentem
835 4015 900 4087 alio
922 4041 1007 4113 puer
1026 4019 1199 4113 improbus
1217 4023 1284 4091 ictu
