2934 4950
389 332 442 390 158
682 331 895 390 amamus
914 332 1025 392 uasti
1046 335 1098 391 IX.
1139 375 1142 379 -
1305 339 1409 401 (¹4:52

383 459 528 527 Subruta
549 457 655 527 fallaci
676 474 785 528 servat
802 459 940 555 vestigia
958 457 1057 549 limo,

383 581 437 647 Sic
454 580 553 646 etiam
574 575 774 674 increpitans
795 604 804 647 t
823 609 840 643 α
851 579 951 648 Unde
966 559 1057 670 buc,
1076 583 1224 668 Ismene,
1242 596 1379 676 repente

382 701 437 766 Ira
455 698 535 766 tibi?
555 723 661 792 quove
676 701 736 768 has
753 701 881 770 traxisti
903 702 1036 797 gurgite
1050 703 1138 771 vires

382 816 512 886 imbelli
531 819 711 890 famulante
729 819 824 891 Deo?
839 819 1014 916 solumque
1031 847 1182 892 cruorem

382 940 543 1007 Femineis
560 955 692 1035 experte
708 943 838 1029 eboris,
854 951 959 1036 quum
974 944 1137 1012 Bacchica
1152 943 1261 1036 mugit

266 1141 268 1148 Α
384 1062 495 1127 anus
505 1111 514 1148 ,
531 1077 564 1128 et
580 1062 700 1130 insanae
717 1060 887 1131 maculant
903 1063 1072 1154 trieterida
1090 1062 1233 1132 matres?
1245 1093 1262 1126 n

430 1183 566 1251 Dixerat
584 1209 592 1250 :
613 1197 712 1275 atque
729 1180 778 1250 illi
798 1207 867 1254 sese
885 1187 976 1252 Deus
992 1183 1115 1252 obtulit
1132 1183 1220 1252 ultro

380 1302 553 1380 Turbidus
565 1302 668 1371 imbre
686 1327 807 1398 genas,
825 1318 859 1372 et
878 1303 966 1372 nube
984 1304 1129 1372 natantis
1147 1326 1275 1371 arenae:

380 1402 560 1494 Necsaevit
579 1423 692 1510 dictis,
712 1438 830 1492 muner
849 1421 906 1490 sed
925 1437 1059 1517 pectora
1077 1447 1203 1516 quercu

379 1546 455 1628 Ter,
473 1558 599 1636 quater,
616 1544 780 1636 oppositi,
797 1557 961 1635 quantum
976 1544 1027 1610 ira
1044 1545 1202 1634 Deusque
1220 1539 1388 1626 valebant,

380 1661 515 1756 Impulit
533 1686 704 1756 assurgens
723 1688 731 1730 ε
752 1661 887 1731 tandem
904 1662 1042 1756 vestigia
1057 1659 1164 1747 flexit,

380 1786 629 1875 Excussamque
647 1807 749 1850 manu
768 1782 931 1876 tegimen,
952 1804 1176 1874 conversaque
1193 1778 1280 1848 lente

379 1903 487 1995 Terga
503 1900 627 1970 refert:
645 1893 772 1970 instant
791 1901 908 1990 undae,
924 1903 1138 1995 sequiturque
1154 1899 1319 1969 labantem

381 2022 495 2090 Amnis
512 2045 614 2088 ovans
632 2047 639 2088 :
657 2045 787 2089 necnon
804 2023 906 2112 saxis,
923 2037 958 2089 et
975 2021 1137 2115 grandine
1154 2020 1234 2089 ferri

381 2143 531 2235 Desuper
550 2141 706 2209 infestant
723 2142 833 2235 Tyrii,
849 2143 1048 2236 geminoque
1066 2139 1230 2234 repellunt

381 2265 509 2354 Aggere
527 2260 635 2355 :quid
655 2261 756 2330 faciat
773 2259 867 2329 bellis
887 2261 1039 2329 obsessus
1057 2275 1092 2327 et
1107 2259 1228 2329 undis?

382 2383 453 2450 Nec
471 2380 548 2475 fuga
561 2382 630 2475 jam
648 2383 786 2470 misero,
802 2405 863 2450 nec
882 2405 1010 2476 maguae
1026 2383 1122 2475 copia
1141 2382 1271 2449 mortis.

432 2501 547 2571 Stabat
566 2503 744 2595 gramineae
762 2502 925 2597 producta
942 2500 1113 2595 crepidine
1131 2503 1212 2596 ripae

381 2620 556 2690 Undarum
574 2646 612 2691 ac
627 2636 721 2691 terrae
735 2622 858 2710 dubio,
874 2611 1087 2691 sedamicior
1103 2620 1200 2689 undis

382 2743 562 2829 Fraxinus,
578 2744 773 2835 ingentique
787 2739 911 2811 vadum
930 2740 1124 2836 possederat
1141 2741 1271 2810 umbra.

381 2860 489 2951 Hujus
509 2884 606 2955 opem
622 2858 720 2955 (nam
740 2886 807 2954 qua
824 2876 928 2930 terras
947 2859 1163 2955 invadereti)
1181 2884 1267 2928 unca

384 2980 534 3073 Arripuit
550 2978 687 3069 dextra,
707 3006 766 3051 nec
785 2980 923 3075 pertulit
942 2979 999 3050 illa
1017 2981 1223 3066 trahentem

382 3097 447 3167 Sed
465 3100 590 3192 majore
608 3126 724 3194 supra,
743 3126 844 3194 quam
862 3101 970 3169 stabat
987 3098 1137 3195 pondere
1151 3102 1236 3168 victa

382 3216 541 3307 Solvitur,
559 3235 593 3288 et
607 3245 673 3313 qua
690 3236 806 3316 stagna
824 3221 914 3290 subit
932 3220 1073 3321 radice,
1083 3219 1268 3314 quibusque

383 3341 539 3407 Arentem
559 3332 731 3410 mordebat
750 3342 909 3429 humum,
928 3339 1069 3410 demissa
1088 3346 1231 3435 superne

367 3440 499 3549 'injecit
517 3457 645 3554 trepido
665 3484 754 3548 sese,
773 3462 966 3556 ripamque,
983 3485 1046 3531 nec
1063 3459 1151 3548 ultra

383 3580 563 3649 Passurum'
577 3580 693 3649 subitae
712 3579 848 3651 vallavit
865 3597 968 3676 ponte
986 3582 1101 3651 ruinas.

383 3702 457 3765 Huc
474 3698 570 3768 undas
588 3716 727 3789 coeunt,
747 3715 782 3770 et
799 3699 1009 3771 ineluctabile
1024 3707 1156 3771 coenum

384 3818 638 3913 Vorticibusque
655 3822 744 3890 cavis
758 3821 860 3910 sedit,
875 3824 1060 3916 crescitque
1074 3820 1275 3890 barathrum.

384 3941 521 4033 Jamque
539 3939 712 4027 humeros,
731 3944 802 4035 jam
820 3941 906 4012 colla
923 3941 1016 4011 ducis
1035 3944 1169 4011 sinuosa
1187 3961 1304 4035 vorago
