2934 4950
69 487 109 550 (v.
124 485 178 550 2⁵.)
373 482 631 540 scumnmnos
650 484 763 542 mum
783 487 822 542 11.
1063 489 1120 545 ess

68 611 218 707 Hospita
236 633 280 680 ne
299 609 411 678 subito
430 622 595 680 tenerent
610 611 732 680 moenia
749 627 854 700 coetu,

68 736 193 828 Puppe
208 731 305 826 jubet
320 755 493 801 remanere
509 757 588 802 suos
604 758 613 801 τ
629 734 701 828 ipse
719 732 825 803 ardua
841 733 911 803 fido

69 859 162 925 Cum
179 851 342 923 Diomede
360 853 446 946 petit
461 879 471 921 ¹:
492 852 550 922 sed
565 853 634 948 jam
652 870 858 950 praevenerat
874 857 961 926 arcis

69 978 219 1045 Litoreae
238 987 387 1049 servator
405 975 511 1062 Abas,
529 977 709 1070 ignotaque
725 977 797 1072 regi

69 1095 249 1184 Ediderat,
267 1086 326 1166 sed
345 1096 447 1166 Graia
468 1111 596 1182 tamen,
612 1095 791 1166 succedere
806 1099 903 1168 terris

72 1217 224 1288 Castam
243 1241 252 1284 ι
274 1215 475 1310 procedunt,
494 1217 619 1313 gemini
635 1241 696 1287 ceu
711 1217 837 1288 soedere
852 1220 971 1312 juncto

69 1339 224 1408 Hiberna
243 1338 307 1408 sub
324 1353 421 1408 nocte
439 1338 529 1433 lupi;
546 1338 624 1408 licet
643 1353 676 1408 et
693 1363 755 1408 sna
772 1338 883 1434 pulset

69 1461 307 1553 Natorumque
323 1458 445 1544 fames,
463 1460 597 1554 penitus
613 1460 809 1554 rabiemque
823 1462 999 1555 minasque

70 1579 315 1671 Dissimulant,
335 1579 546 1677 humilesque
562 1598 694 1672 meant,
711 1609 756 1652 ne
774 1584 908 1653 nuntiet
925 1583 1037 1654 hostes

70 1707 167 1774 Cura
186 1727 323 1791 mum,
344 1718 376 1772 et
392 1702 539 1804 trepidos
556 1719 692 1774 moneat
709 1703 850 1800 vigilare
866 1705 1053 1800 magistros.

98 1860 101 1870 ·
123 1827 179 1894 Sic
194 1849 310 1920 segnes
327 1826 445 1896 heroes
462 1841 562 1909 eunt,
582 1851 804 1922 campumque
821 1841 1009 1922 patentem,

69 1949 145 2038 Qui
166 1946 295 2016 medius
313 1961 449 2042 portum
468 1945 657 2041 celsamque
673 1947 849 2042 interjacet
865 1949 999 2037 omem,

71 2067 214 2138 alterno
233 2091 388 2138 sermone
404 2084 520 2139 serunt
538 2096 547 2139 z
567 2070 662 2164 prior
679 2061 824 2164 occupat
840 2093 917 2140 acer

71 2189 218 2287 Tydides
238 2217 247 2258 ε
266 2191 372 2280 «Qua
391 2215 482 2261 nunc
498 2215 612 2260 verum
632 2191 765 2260 ratione
783 2215 942 2286 paramus

71 2311 245 2382 Scrutari?
263 2336 406 2408 namque
423 2313 580 2407 ambiguo
597 2312 659 2381 sub
676 2328 810 2406 pectore
825 2312 996 2406 quondam

72 2436 202 2520 Verso,
222 2431 304 2527 quid
322 2429 472 2503 imbelles
493 2431 626 2527 thyrsos
642 2447 809 2503 mercatus
824 2447 859 2503 et
875 2457 957 2522 era,

71 2554 226 2625 Urbibus
244 2556 279 2623 in
300 2553 433 2644 mediis,
457 2556 676 2646 Baccheaque
698 2568 811 2649 terga,
831 2558 1013 2649 mitrasque

72 2680 149 2746 Huc
167 2674 301 2762 tuleris,
320 2676 479 2773 varioque
497 2675 670 2771 adspersas
688 2676 846 2747 nebridas
864 2679 972 2749 auro?

73 2799 180 2866 Hisne
189 2820 325 2892 gravem
332 2795 519 2893 Phrygibus
528 2800 729 2893 Priamoque
737 2822 905 2869 armamus
914 2794 1122 2871 Achillem»

123 2915 180 2988 Illi
198 2916 374 2988 subridens
389 2918 524 2989 Ithacus
540 2917 691 3015 paullum
708 2943 769 2989 ore
782 2920 924 2990 remisso
941 2946 950 2989 ε
987 2947 991 2952 ·

74 3071 90 3104 α
108 3044 189 3110 Haec
211 3039 289 3129 tibi,
308 3040 459 3137 virginea
477 3040 579 3111 modo
597 3042 624 3111 si
643 3039 840 3137 Lycomedis
858 3044 894 3110 in
914 3039 992 3111 aula

73 3160 208 3232 Fraude
223 3147 348 3250 latens,
366 3162 458 3232 ultro
475 3163 662 3237 contessum
678 3164 713 3233 in
731 3160 850 3259 proelia
866 3160 992 3231 duoent

75 3281 214 3353 Peliden
235 3310 243 3354 :
263 3298 301 3355 tu
321 3300 440 3356 cuncta
455 3287 543 3356 citus
559 3284 600 3354 de
616 3310 730 3382 puppe
750 3298 918 3355 memento

75 3408 195 3490 Ferre,
216 3406 274 3479 ubi
294 3421 425 3501 tempus
447 3408 529 3495 erit,
549 3406 770 3502 clypeumque
782 3407 987 3503 hisjungere
1004 3406 1122 3495 donis,

69 3525 146 3613 'Qui
166 3524 305 3620 pulcher
322 3528 444 3623 signis,
463 3510 614 3622 auroque
634 3530 835 3622 asperrimus
853 3528 958 3597 ardet

76 3650 156 3717 Haec
172 3662 222 3717 sat
239 3663 338 3718 erunt
355 3675 363 3716 :
382 3664 494 3719 tecum
511 3648 596 3719 lituo
615 3650 723 3719 honus
739 3649 827 3719 adsit
841 3655 997 3745 Agyrtes,

78 3768 321 3864 Occultamque
337 3770 453 3841 tubam
472 3774 591 3841 tacitos
607 3786 763 3867 apportet
777 3773 813 3840 in
829 3796 920 3841 usus.
934 3801 952 3837 a

123 3891 281 3978 Dixerat,
299 3904 398 3987 atquc
414 3893 486 3987 ipso
502 3906 674 3989 portarum
691 3894 727 3961 in
744 3890 859 3961 limine
874 3916 987 3988 regem

80 4014 218 4100 Cernit,
235 4029 269 4083 et
285 4030 416 4084 ostensa
437 4040 551 4109 pacem
569 4014 726 4109 praefatur
741 4013 839 4084 oliva.

127 4164 142 4196 «
162 4136 306 4230 Magna,
322 4161 408 4225 reor,
425 4135 555 4230 pridem
572 4152 697 4206 vestras
713 4138 866 4231 pervenit
886 4134 928 4205 ad
949 4160 1045 4206 aures
