2934 4950
20 398 21 407 '
92 432 182 495 aar)
387 431 600 486 nunnunos
621 429 803 486 umnam.
1065 429 1121 484 υς

90 559 126 626 Et
140 570 262 643 metus,
284 569 319 622 et
336 557 441 626 tristis
457 555 632 630 volucrum
649 555 838 624 reverentia
854 567 970 624 servet.

128 683 166 744 At
183 690 299 770 nuptas
314 677 498 763 exanimes,
516 678 696 772 puerique,
713 675 860 771 aegrique
879 669 1032 770 parentes

88 797 242 866 Moenibus
260 795 358 866 effusi
375 822 436 891 per
453 795 568 892 plana,
586 821 646 891 per
662 797 772 885 invia,
792 797 915 891 passim

20 988 21 993 ,
89 919 228 1013 Quisque
239 943 317 988 suas
331 918 422 988 avidi
437 917 480 988 ad
496 916 660 1012 lacrymas
675 915 865 1000 miserabile
882 931 1025 990 currunt

20 1084 21 1097 t
88 1041 253 1107 Certamen
270 1065 278 1105 ε
295 1063 380 1132 quos
401 1036 504 1110 densa
520 1037 628 1133 gradu
644 1039 849 1109 comitantur
865 1051 983 1108 euntes

20 1152 21 1239 l
88 1157 180 1227 llillia
199 1157 331 1228 solandi
348 1157 460 1230 studio
478 1184 486 1226 :
503 1183 582 1254 pars
599 1160 704 1227 visere
719 1157 864 1253 flagrant

20 1318 21 1375 q
88 1279 182 1348 Unius
199 1293 275 1348 acta
294 1279 374 1366 viri,
392 1293 427 1348 et
447 1293 561 1349 tantos
579 1280 615 1360 in
632 1291 731 1348 nocte
748 1275 889 1348 labores.

86 1401 192 1468 Fervet
210 1401 273 1468 iter
291 1401 439 1495 gemitu,
456 1416 492 1470 et
506 1399 726 1495 plangoribus
747 1423 827 1468 arva
847 1397 1040 1474 reclamant.

20 1502 21 1555 l
124 1525 170 1592 Ut
189 1547 271 1594 vero
289 1521 428 1594 infames
447 1522 618 1618 scopulos,
634 1520 823 1614 silvamque
841 1519 1018 1592 nefandam

20 1702 21 1705 ,
85 1645 294 1731 Perventum,
315 1668 376 1714 ceu
395 1641 489 1720 nulla
508 1645 603 1740 prius
618 1641 784 1732 lamenta,
802 1666 862 1712 nec
878 1640 942 1712 atri

20 1765 21 1855 ξ
85 1764 265 1833 Mamssent
284 1764 422 1851 imbres,
441 1764 488 1834 sic
507 1789 566 1837 ore
584 1762 792 1833 miserrimus
810 1785 878 1832 uno

20 1866 21 1931 l
86 1885 235 1954 Fnoritur
251 1885 377 1980 fragor,
397 1882 624 1978 adspectuque
642 1907 782 1952 accensa
798 1897 938 1952 cruento

20 2018 21 2049 t
86 2004 188 2075 Turba
209 2006 291 2076 surit
307 2028 315 2074 ε
332 2020 399 2076 stat
416 2005 601 2100 sanguineo
617 1983 775 2076 discissus
795 2005 920 2074 amictu

85 2127 199 2196 Luctus
215 2142 331 2217 atrox,
346 2151 496 2222 caesoque
512 2126 632 2196 invitat
649 2140 787 2222 pectore
807 2139 942 2197 matres.

85 2248 273 2318 Scrutantur
292 2246 401 2344 galeas
421 2247 622 2342 frigentum,
640 2248 847 2341 inventaque
861 2261 1052 2321 monstrant

20 2429 22 2434 .
86 2370 242 2468 Corpora,
262 2368 432 2464 procidua
446 2390 547 2462 super
564 2381 803 2462 externosque,
821 2389 975 2461 suosque.

85 2491 136 2559 tte
150 2505 302 2588 pressant
318 2493 353 2561 in
373 2490 450 2559 tabe
467 2512 595 2577 comos,
613 2487 667 2578 'hae
687 2486 816 2557 lumina
833 2489 987 2583 signant,

86 2609 289 2707 Vulneraque
305 2609 374 2681 alto
392 2609 525 2707 replent
543 2608 697 2706 lacrymis
715 2634 723 2678 ε
743 2632 821 2703 pars
840 2605 970 2703 spicula
988 2605 1102 2679 dextr!

87 2730 307 2827 Nequioquam
323 2746 481 2827 parcente
496 2732 654 2819 trahunt,
673 2754 753 2824 pars
771 2726 915 2798 molliter
932 2740 1051 2826 aptant

87 2852 215 2921 Brachia
232 2866 354 2921 uunca
374 2848 465 2943 loco,
484 2864 519 2921 et
536 2850 722 2921 cervicibus
740 2874 800 2919 ora
819 2863 997 2943 reponunt.

129 2974 169 3041 At
186 2996 271 3069 vaga
291 2997 352 3067 per
369 2970 507 3062 dumos,
525 2972 688 3067 vacuique
702 2971 739 3039 in
754 2969 892 3065 pulvere
909 2969 1036 3065 campi,

89 3092 201 3188 Magna
216 3117 338 3187 parens
352 3093 533 3187 juvenum,
549 3091 675 3189 gemini
692 3106 775 3161 tunc
793 3090 941 3180 funeris,
962 3088 1036 3171 Ide,

92 3212 296 3305 Squalentem
314 3211 444 3284 sublata
460 3237 608 3298 comam,
624 3210 830 3305 liventiaque
848 3234 908 3279 ora

91 3333 198 3429 Ungue
217 3359 388 3430 premens,
406 3358 467 3403 nec
482 3334 553 3429 jam
578 3332 693 3403 infelix
709 3330 982 3426 miserandaque,
1002 3354 1118 3401 verum

92 3454 201 3525 Terror
216 3456 304 3524 inest
321 3453 495 3550 lacrymis,
512 3462 623 3549 peret
640 3478 733 3523 arma
749 3468 782 3523 et
800 3476 942 3548 corpora
957 3449 1081 3546 passim

93 3574 241 3644 Canitiem
258 3575 424 3669 impexam
443 3573 517 3645 dira
534 3570 655 3645 tellure
671 3570 845 3660 volutans,

93 3694 207 3781 Quaerit
225 3696 322 3792 inops
340 3709 452 3781 natos,
469 3693 631 3788 omnique
642 3694 841 3788 incorpore-
852 3688 990 3787 plangit.

131 3814 291 3886 Thessalis
308 3814 400 3885 haud
416 3813 512 3887 aliter
528 3812 616 3885 bello
632 3814 746 3908 gavisa
762 3812 909 3907 recenti,

93 3934 148 4001 Cui
164 3935 284 4032 gentile
303 3935 396 4007 nefas
411 3936 582 4007 hominem
601 3958 759 4004 revocare
775 3930 943 4018 emendo,

95 4054 244 4129 Multilida
261 4058 417 4129 attollens
433 4058 572 4153 antiqua
592 4055 718 4134 lumina
734 4054 849 4143 cedro,
