2934 4950
273 393 280 405 -
346 388 383 445 ⁸5
658 376 875 434 nummos
894 373 1006 431 unm
1027 373 1078 428 vi.
1270 374 1366 445 <toti

340 511 470 600 Raptus
489 503 524 573 in
543 498 725 589 excelsum,
747 526 808 571 nec
826 502 897 595 jam
915 525 992 596 spes
1012 499 1082 569 ulla
1099 498 1262 589 cadendi,

340 629 411 699 Nec
428 625 506 694 licet
522 639 667 693 extrenu
690 637 830 693 manem
851 623 1046 718 contingere
1064 621 1190 717 planta.

390 748 444 817 Fit
463 769 584 833 sonus,
603 760 637 813 et
656 742 748 815 laetos
767 743 927 815 attollunt
946 746 1080 840 agmina
1100 742 1244 839 plausus.

340 874 436 939 Tunc
454 866 521 936 alte
538 852 663 935 librans
682 867 859 960 inopinum
878 880 996 961 sponte
1016 865 1166 951 remisit,

340 987 589 1083 Obliquumque
605 985 715 1071 dedit,
734 986 1076 1081 procumbentemque
1091 1001 1226 1055 secutus

339 1107 437 1179 Colla
455 1104 553 1177 simul
568 1105 700 1196 dextra,
716 1104 858 1203 podibus
878 1104 975 1175 simul
991 1108 1131 1201 inguina
1145 1108 1261 1177 vinxit

340 1228 460 1300 Deficit
477 1229 649 1317 obsessus,
667 1225 806 1322 soloque
819 1225 948 1321 pudore
966 1243 1141 1322 repugnat.

339 1347 489 1419 Tandem
507 1363 621 1443 pectus
639 1349 754 1437 humi,
771 1371 980 1442 pronamque
999 1362 1155 1418 extensus
1174 1350 1207 1419 in
1225 1348 1332 1421 alvum

339 1471 522 1556 Sternitur,
542 1494 580 1538 ac
597 1466 701 1564 longo
718 1483 855 1539 moestus
872 1482 949 1563 post
968 1483 1118 1565 tempore
1135 1472 1264 1566 surgit,

339 1592 467 1687 Turpia
484 1589 615 1686 signata
632 1587 789 1685 linquens
805 1589 945 1684 vestigia
963 1604 1061 1660 terra.

388 1709 549 1781 Palmam·
560 1726 671 1807 autem
689 1709 823 1800 dextra,
844 1709 992 1805 laevaque
1007 1713 1147 1782 nitentia
1165 1714 1255 1783 dono

340 1836 443 1902 Arma
458 1832 566 1902 serens
584 1831 740 1926 Tydeus:
756 1832 874 1921 «Quid
893 1834 921 1901 si
939 1857 1008 1901 non
1026 1835 1198 1928 sanguinis
1218 1835 1316 1931 hujus

339 1955 472 2023 Partem
490 1952 582 2022 haud
595 1952 769 2047 exiguam,
784 1954 893 2040 scitia,
908 1954 1057 2023 Dircaeus
1076 1954 1216 2027 haberet

339 2070 510 2169 Campus?
527 2071 585 2142 ubi
603 2073 655 2142 hae
673 2098 782 2169 nuper
799 2072 992 2143 Thebarum
1008 2074 1132 2145 foedera
1151 2076 1308 2174 plagaels

342 2198 418 2264 llaec
436 2192 535 2265 simul
554 2206 745 2292 ostentans,
763 2195 967 2289 quaesitaque
985 2197 1123 2290 praemia
1139 2196 1276 2269 laudum

248 2378 250 2383 ,
339 2320 408 2391 Dat
424 2316 524 2386 sociis
542 2342 549 2386 ε
569 2315 721 2409 sequitur
740 2313 909 2410 neglectus
928 2315 1065 2412 Agyllea
1083 2319 1214 2389 thorax.

387 2439 473 2509 Sunt
489 2452 523 2507 et
539 2438 597 2533 qui
612 2434 704 2506 nudo
719 2436 862 2508 subeant
877 2461 1077 2510 concurrere
1093 2439 1193 2511 ferro.

338 2561 477 2653 Jamque
495 2557 636 2629 aderunt
653 2558 807 2628 instructi
824 2559 925 2629 armis
944 2559 1147 2655 Epidaurius
1165 2569 1307 2660 Agreus,

337 2683 382 2750 Et
397 2680 545 2750 nondum
567 2678 642 2749 fatis
660 2681 811 2751 Dircaeus
826 2681 999 2776 agentibus
1019 2681 1121 2754 exsul.

338 2805 416 2872 Dux
432 2816 523 2870 vetat
538 2800 662 2872 Iasides
681 2827 689 2871 :
710 2831 728 2868 a
739 2803 856 2871 Manet
872 2803 989 2898 ingens
1005 2806 1102 2899 copia
1123 2804 1202 2899 leti,

339 2922 524 3016 Ojuvenes
543 2948 551 2991 :
571 2938 699 2992 servate
716 2922 862 3011 animos,
881 2922 1085 3018 avidumque
1102 2926 1251 3000 furorem

338 3044 516 3138 Sanguinis
535 3042 665 3112 adversi
684 3068 692 3111 ε
712 3057 817 3137 tuque
836 3068 874 3132 o,
893 3066 994 3137 quem
1008 3063 1147 3141 propter
1165 3054 1254 3120 avita

338 3167 477 3260 Jngera,
497 3163 636 3233 dilectas
653 3164 706 3233 cui
725 3161 948 3234 desolavimus
966 3165 1064 3236 urbes
1074 3217 1084 3253 ,

337 3285 406 3371 Ne,
421 3308 551 3379 precor,
570 3300 648 3354 ante
666 3285 790 3371 aciem,
807 3284 864 3377 jus
882 3299 1013 3355 tantum
1030 3289 1164 3360 casibus
1182 3317 1266 3380 esse,

339 3405 571 3498 Fraternisque
588 3406 692 3492 sinas,
711 3404 850 3500 abigant
870 3405 935 3474 hoc
951 3406 1105 3479 numina!
1125 3414 1246 3482 votis.»

289 3568 291 3574 ·
387 3525 442 3593 Sic
459 3525 528 3594 ait:
549 3539 648 3618 atque
665 3525 781 3594 ambos
800 3540 917 3595 aurata
932 3527 1060 3598 casside
1075 3530 1170 3602 ditat.

336 3649 432 3715 Tunc
450 3670 586 3740 genero,
606 3671 647 3715 ne
667 3643 776 3716 laudis
794 3671 910 3742 egens,
924 3649 1021 3741 jubet
1038 3651 1145 3722 ardua
1162 3659 1248 3726 necti

337 3769 520 3862 Tempora,
538 3766 796 3859 Thebarumque
812 3768 937 3862 ingenti
955 3794 1038 3840 voce
1051 3773 1147 3843 citari

341 3887 518 3956 Victorem.
537 3887 628 3957 Dirae
642 3887 829 3958 retinebant
844 3889 957 3959 omina
970 3895 1094 3964 Paron.

387 4009 502 4100 Ipsum
519 4007 619 4076 etiam
638 4007 776 4100 proprio
795 4009 977 4078 certamina
996 4011 1078 4084 festa
1095 4013 1210 4088 labore
