2934 4950
72 447 109 504 (s.
125 443 197 506 291.)
384 441 638 498 ACHILLEIDOS
660 441 775 498 LIBER
797 444 820 498 1.
1069 443 1125 521 269

68 569 215 656 Cultus,
237 583 272 637 et
291 567 422 663 expleto
442 569 548 638 teneri
566 570 636 662 jam
654 569 720 666 line
737 569 892 665 pudoris.

72 693 264 786 Virginitas
284 681 418 760 matura
434 693 534 780 toris,
550 692 698 787 annique
717 705 892 760 tumentes.

125 812 193 882 Sed
212 826 375 906 quantum
392 811 512 881 virides
530 809 639 908 pelagi
658 815 773 883 Venus
791 811 904 882 addita
922 815 1096 909 Nymphas

70 934 222 1022 Obruit,
240 947 299 1002 aut
317 931 465 1002 humeris
484 947 647 1028 quantum
666 935 777 1003 Diana
798 933 959 1028 relinquit

68 1054 218 1142 Naides,
235 1053 373 1150 effulget
388 1068 520 1124 tantum
534 1055 650 1150 regina
667 1053 780 1125 decori
867 1031 881 1038 ⁰

69 1177 252 1248 Deidamia
270 1176 381 1264 chori,
401 1173 618 1271 pulchrisque
637 1177 808 1248 sororibus
826 1179 946 1248 obstat.

69 1299 171 1370 Illius
191 1314 226 1368 et
241 1323 338 1368 roseo
357 1297 547 1370 flammatur
565 1324 714 1394 purpura
734 1299 850 1390 vultu,

68 1427 121 1492 Et
141 1422 281 1518 gemmis
298 1419 357 1488 lux
372 1419 481 1513 major
498 1421 604 1510 inest,
623 1436 656 1490 et
673 1419 830 1492 blandius
845 1447 977 1492 aarum.

66 1545 189 1638 Atque
208 1543 271 1639 ipsi
290 1567 352 1638 par
370 1540 479 1611 sonna
497 1541 583 1632 deae,
602 1544 629 1612 si
649 1545 795 1639 pectoris
813 1569 940 1641 angues

68 1670 201 1754 Ponat,
219 1679 254 1734 et
275 1678 404 1734 exemta
421 1661 573 1757 placetur
591 1664 717 1734 casside
733 1660 858 1736 vultus.

68 1790 172 1856 Hanc
189 1786 248 1856 ubi
266 1785 442 1855 ducentem
460 1784 559 1880 longe
580 1787 669 1855 socia
686 1788 821 1881 agmina
839 1786 925 1857 vidit

66 1911 167 1977 Trux
183 1932 279 2003 puer,
299 1920 332 1975 et
351 1902 446 1975 nullo
462 1897 642 1976 temeratus
659 1923 795 2002 pectora
812 1906 928 2000 motu3
964 1943 967 1947 ²

67 2030 245 2124 Diriguit,
264 2027 409 2122 totisque
428 2052 554 2098 novum
569 2027 659 2098 bibit*
673 2029 803 2099 ossibus
821 2032 944 2127 ignem.

68 2154 147 2222 Nec
164 2149 247 2220 latet
264 2151 404 2220 haustus
422 2174 529 2240 amor,
548 2150 605 2221 sed
623 2150 677 2221 fax
696 2152 828 2223 vibrata
847 2152 1002 2248 medullis

68 2277 111 2341 ln
132 2269 249 2341 vultus
268 2285 369 2365 atque
385 2296 445 2340 ora
462 2271 571 2361 redit,
591 2271 767 2366 lucemque
785 2299 947 2370 genarum

68 2397 211 2491 Tingit,
228 2409 263 2464 ct
282 2391 463 2490 impulsum
485 2397 577 2464 tenui
594 2394 715 2466 sudore
734 2411 896 2491 pererrat.

68 2522 203 2588 lactea
222 2520 419 2613 Massagetae
437 2516 541 2587 veluti
561 2517 803 2613 quumpocula
819 2519 950 2590 hiscant

70 2640 253 2736 Sanguine
267 2639 432 2733 puniceo,
450 2636 504 2707 vel
520 2639 605 2708 ebur
622 2642 850 2735 corrumpitur
869 2655 960 2711 ostro
975 2668 990 2710 -τ
1025 2672 1029 2680 ’

68 2764 127 2832 Sic
148 2761 251 2831 variis
270 2759 446 2830 manifesta
465 2762 553 2829 notis
572 2757 742 2855 palletque
763 2762 928 2857 rubetque

68 2884 228 2953 Flamma
244 2905 360 2951 recens
379 2906 387 2949 :
409 2896 482 2970 eat,
501 2895 603 2975 atque
620 2881 711 2951 ultro
730 2882 821 2951 ferus
839 2885 973 2979 hospita
988 2910 1081 2955 sacra

68 3005 247 3077 Discutiat
261 3003 368 3073 turbae
385 3028 536 3093 securus,
553 3018 587 3073 et
606 3005 783 3073 immemor
801 3006 882 3094 aevi,

69 3129 118 3199 Ni
137 3125 253 3222 pudor
269 3140 302 3195 et
314 3127 439 3220 junctae
459 3139 570 3195 teneat
586 3127 776 3196 reverentia
792 3128 920 3197 matris.

69 3254 124 3320 Ut
144 3264 243 3345 pater
260 3228 403 3317 armenti
419 3246 606 3342 quondam,
625 3262 803 3343 rectorque
819 3248 971 3337 futurus,

68 3374 139 3445 Cui
160 3369 314 3441 nondum
333 3385 405 3440 toto
424 3386 634 3466 peraguntur
651 3396 778 3440 cornua
796 3396 901 3469 gyro,-

69 3498 197 3585 Quum
219 3492 344 3562 sociam
363 3507 477 3587 pastus
496 3494 595 3562 niveo
613 3492 759 3563 candore
776 3496 956 3589 juvencam

69 3616 249 3710 Adspicit,
268 3612 448 3685 ardescunt
463 3614 583 3703 animi,
604 3615 799 3709 primusque
816 3640 878 3710 per
895 3640 957 3685 ora
978 3703 980 3706 Ι

69 3742 222 3833 Spumat
241 3760 346 3823 amor,
365 3750 516 3832 spectant
535 3726 673 3824 hilares,
688 3749 873 3830 optantque
893 3738 1051 3833 magistri.

125 3862 285 3952 Occupat
302 3872 438 3952 arrepto
452 3840 521 3951 jam
540 3872 691 3952 tempore
708 3858 840 3928 conscia
862 3871 970 3928 mater.
987 3884 996 3928 τ
1035 3888 1039 3900 ·

70 4016 85 4048 «
106 3986 229 4051 Hosne
243 3981 332 4048 inter
349 3976 506 4047 simulare
522 3978 659 4067 choros,
677 3992 710 4047 et
726 3978 862 4050 brachia
876 3979 957 4049 ludo

70 4106 239 4191 Nectere,
262 4114 357 4189 nate,
375 4124 475 4195 grave
494 4099 564 4168 est?
579 4098 686 4195 gelida
704 4100 786 4195 quid
804 4100 870 4171 tale
889 4102 951 4171 sub
972 4102 1071 4188 Ossa,
