2934 4950
75 392 191 458 (vass.)
396 398 615 458 melanos
637 400 749 459 annu
771 402 837 457 vu.
1094 420 1134 476 99

74 522 213 591 Cessit:
232 522 343 593 adhuc
362 526 444 620 ripis
461 528 631 597 animosus
650 552 772 624 gurges
788 525 936 615 anhelis,

73 638 287 715 Fulmineum
306 648 471 736 cinerem,
489 650 845 745 magnaeque-insignia
867 672 972 745 poenae

73 760 231 853 Gaudet,
249 782 284 835 et
304 770 448 839 AEtnaeos
468 770 503 840 in
522 769 642 841 coelum
661 770 777 841 efflare
793 794 944 867 vapores.

121 918 140 952 a
155 884 272 959 Talem
288 891 438 963 &dureo
451 893 649 963 mirabimur
666 899 799 991 Hypsea
817 918 956 990 campo,

71 1008 104 1075 Si
123 1010 229 1085 modo
244 1012 389 1107 placavit
407 1014 487 1085 felix
507 1017 628 1113 AEgina
643 1019 844 1087 Tonantem.
974 1053 982 1061 ·

120 1162 139 1196 α
154 1136 262 1203 Ducit
278 1124 445 1207 Ithonieos
459 1154 493 1209 et
509 1135 752 1209 Alalcomonaea
766 1139 927 1209 Minuta

70 1256 237 1350 Agmina,
251 1282 336 1351 quos
353 1256 466 1349 Mide,
481 1284 565 1355 quos
580 1260 721 1331 humida
738 1260 888 1356 suggerit
901 1262 1009 1347 Arne,

70 1378 197 1447 Aulida
215 1381 272 1473 qui
288 1382 490 1477 Graeamque
505 1398 636 1468 serunt,
651 1382 842 1477 viridesque
856 1381 1015 1467 Plataeas,

71 1505 114 1571 Et
134 1499 230 1570 sulco
247 1504 393 1573 Peteona
407 1503 562 1591 domant,
578 1503 786 1599 refluumque
804 1516 917 1573 meam

70 1624 260 1717 Euripum,
283 1648 350 1719 qua
372 1640 485 1695 noster
505 1626 592 1713 abit,
614 1641 713 1721 teque
735 1623 854 1696 ultima
873 1639 984 1695 tractu

69 1746 274 1835 Anthedon,
297 1747 354 1816 ubi
372 1750 546 1844 gramineo
567 1748 608 1819 de
629 1748 726 1819 litore
741 1748 891 1820 Glaucus

71 1874 253 1940 Poscentes
273 1871 397 1967 irrupit
415 1894 537 1967 aquas,
553 1872 624 1965 jam
641 1872 736 1941 crine
755 1872 914 1967 genisque

68 1990 246 2081 caerulus,
267 2008 302 2062 et
320 1994 441 2064 mixtos
462 1994 597 2089 expavit
616 1993 659 2062 ab
676 1993 816 2088 inguine
834 1994 951 2089 pisces.

71 2111 264 2183 Glandibus
283 2128 317 2184 et
331 2129 421 2185 torta
441 2114 613 2211 Zephyros
631 2111 778 2185 incidere
795 2114 899 2185 huda

71 2239 163 2304 Cura
178 2260 186 2303 τ
204 2231 379 2332 Cydoneas
396 2236 574 2307 anteibunt
595 2260 674 2333 gesa
694 2237 843 2333 sagittas.

70 2361 121 2426 Tu
145 2382 282 2455 quoque
302 2356 498 2454 preclarum
518 2359 645 2447 forma,
663 2358 842 2455 Cephisse,
857 2356 1002 2429 dedisses

72 2481 288 2570 Narcissum,
305 2481 362 2551 sed
381 2482 574 2577 Thespiacis
592 2482 661 2575 jam
680 2478 782 2576 pallet
799 2481 835 2549 in
855 2481 945 2576 agris

70 2604 165 2671 Trux
184 2628 268 2698 puer
287 2629 296 2672 :
314 2604 433 2674 orbata
449 2603 565 2673 florem
585 2618 679 2699 pater
695 2601 793 2672 alluit
809 2601 910 2671 unda.

122 2755 139 2789 a
151 2726 243 2814 Quis¹
259 2725 320 2794 tibi
341 2724 510 2794 Phoehaeas
530 2726 636 2810 acies,
657 2737 870 2818 veteremque
886 2721 1038 2793 revolvat

71 2845 242 2918 Phocida?
263 2848 321 2940 qui
341 2851 520 2942 Panopen,
539 2848 596 2941 qui
615 2845 779 2934 Daulida,
798 2846 856 2940 qui
872 2845 1096 2941 Cyparisson,

75 2973 116 3038 Et
138 2965 259 3055 valles,
280 2967 454 3054 lebadea,
477 2984 568 3056 tuas,
589 2984 622 3038 et
639 2968 843 3066 Hyampolin
863 2969 934 3037 acri

75 3089 259 3158 subnixam
278 3088 434 3185 scopulo,
453 3091 505 3162 vel
525 3092 583 3187 qui
603 3093 793 3161 Parnasson
814 3105 996 3184 utrumque

76 3217 143 3282 Aut
159 3212 325 3307 Cyrrham
346 3215 469 3302 tauris,
489 3215 774 3310 Anemoriamque
791 3213 971 3309 supinant,

74 3335 319 3429 Coryciumque
338 3335 477 3404 nemus?
495 3335 809 3431 propellentemque
827 3333 965 3406 Lilnam

77 3457 226 3553 Cephissi
248 3455 388 3552 glaciale
406 3473 526 3554 caput,
547 3485 617 3553 quo
637 3474 753 3530 suetus
771 3457 926 3529 anhelam

76 3581 175 3648 Ferre
192 3579 282 3647 sitim
299 3579 450 3674 Python,
469 3569 669 3675 amnemque
687 3597 838 3651 avertere
856 3596 972 3677 ponto.

81 3699 246 3771 Omnibus
267 3701 435 3771 immixtas
457 3724 542 3772 cono
562 3727 662 3798 super
684 3703 819 3799 adspice
836 3701 969 3791 lauros,

82 3825 245 3917 Armaque
263 3821 314 3891 vel
331 3825 473 3918 Tityon,
493 3823 544 3894 vel
562 3823 671 3898 Delon
688 3825 862 3914 habentia,
880 3823 934 3893 vel
954 3849 1037 3922 quas

84 3945 143 4012 Hic
161 3947 256 4016 Deus
275 3947 451 4017 innumera
470 3946 595 4018 laxavit
614 3949 702 4018 coede
721 3949 905 4044 pharetras.
934 3983 939 3992 ·

122 4067 283 4162 «Iphitus
302 4093 379 4136 acer
398 4071 484 4163 agit,
506 4072 637 4165 genitor
656 4073 709 4140 cui
732 4095 840 4165 nuper
861 4069 1019 4138 ademtus

947 4189 980 4257 7.
