2934 4950
352 484 412 541 ὅδ’
711 483 741 537 Ρ.
759 480 882 540 runnu
904 485 1027 543 sumt

352 613 546 684 Merebatur
564 625 598 680 et
615 608 748 680 Claudii
764 612 896 679 Etrusci
911 611 975 679 mei
993 612 1099 706 pietas
1119 610 1255 707 aliquod
1269 638 1311 682 ex
1331 627 1417 684 stu·

352 733 415 804 diis
429 734 552 804 nostris
571 730 742 819 solatium,
755 754 860 824 quum
877 729 1005 826 lugeret
1022 733 1108 802 veris
1125 731 1238 828 (quod
1258 734 1416 803 amaris-

353 857 475 925 simum
501 853 569 948 est)
586 851 739 948 lacrymis
759 873 873 920 senem
896 867 1034 947 patrem.
1052 853 1195 923 Earinus
1220 868 1415 948 praeterea,

353 975 545 1048 Germanioi
562 973 667 1044 nostri
681 972 837 1066 libertus,
856 975 920 1046 scit
928 973 1088 1070 quamdiu
1104 971 1306 1043 desiderium
1329 975 1417 1067 ejus

353 1110 502 1166 moratus
534 1097 615 1182 sim,
640 1119 744 1190 quum
771 1098 925 1191 petisset,
955 1091 998 1164 ut'
1022 1092 1159 1190 capillos
1190 1119 1282 1182 suos,
1314 1119 1416 1189 quos

353 1241 431 1286 cum
460 1231 624 1312 gemmata
653 1214 773 1311 pyxide
797 1231 831 1286 et
850 1213 986 1311 speculo
1007 1214 1049 1283 ad
1071 1218 1318 1309 Pergamenum
1343 1219 1415 1288 As·

356 1336 501 1432 clepium
517 1337 684 1425 mittebat,
700 1337 849 1407 versibus
867 1335 1065 1406 dedicarem.
1083 1337 1219 1406 Summa
1232 1350 1283 1404 est
1298 1334 1417 1433 Eglo-

353 1483 411 1554 ge,
427 1482 494 1552 qua
510 1483 642 1528 mecum
657 1456 811 1526 secedere
826 1455 1002 1552 Neapolim
1020 1453 1195 1525 Claudiam
1211 1481 1325 1526 meam
1348 1483 1415 1526 ex·

353 1577 483 1648 hortor.
503 1579 582 1666 Hic,
610 1578 638 1646 si
659 1601 775 1646 verum
797 1576 956 1664 dicimus,
975 1600 1085 1645 sermo
1109 1590 1179 1663 est;
1203 1590 1236 1645 et
1261 1576 1416 1670 quidem

354 1723 511 1788 securus,
540 1711 573 1768 et
595 1721 673 1766 cum
695 1721 816 1785 uxore,
833 1710 867 1765 et
891 1697 949 1791 qui
968 1694 1166 1791 persuadere
1183 1695 1277 1766 malit
1297 1722 1415 1790 quam

354 1817 494 1914 placere.
517 1819 605 1887 Huic
625 1818 791 1914 praecipue
813 1814 925 1886 libello
939 1799 1087 1906 ¹favebis,
1110 1843 1214 1913 quum
1238 1819 1327 1887 scias
1353 1821 1416 1890 ha-

354 1940 434 2010 bere
456 1939 713 2012 destinationem
730 1939 852 2034 quietis
873 1964 969 2028 meae,
990 1953 1023 2008 ct
1044 1939 1105 2007 tibi
1127 1938 1268 2009 maxime
1290 1941 1415 2010 inten-

354 2059 434 2130 dere
451 2087 460 2129 ε
477 2085 597 2154 meque
614 2083 682 2130 non
701 2075 770 2129 tam
788 2060 822 2127 in
847 2059 990 2154 patriam
1006 2079 1106 2155 quam
1122 2058 1165 2128 ad
1186 2073 1217 2128 te
1235 2059 1408 2136 secedere.
