2934 4950
339 530 395 588 ²9²
712 495 1012 574 ADNQTATIONES

381 628 482 686 Gelido
507 626 621 702 spargit
631 615 776 678 ¹miserata
793 617 920 693 stagello
942 581 1062 692 (v.'1o]¹¹
1084 611 1153 666 Non
1176 605 1296 662 offendo
1324 623 1383 660 cum

339 723 442 780 Markt
463 721 494 777 in
512 709 659 780 locutione
676 725 788 790 questus
810 727 948 786 spargere
960 705 1104 781 flagello,
1124 699 1281 776 prasertim
1297 718 1382 774 quum

340 1104 525 1245 ”RQ-v·
547 1183 712 1240 «ffieellum
727 1140 856 1250 cumen,
877 1175 1010 1234 ultimum
1027 1175 1101 1231 inter
1113 1171 1240 1229 Statiuna
1260 1177 1322 1222 tam
1341 1183 1385 1218 or-

342 1279 410 1336 dine
423 1275 744 1355 quamingenio...Mihi
756 1265 1203 1341 videttustatius'imperfectum
1211 1257 1386 1334 reliquissem

1193 1357 1314 1412 nima.

386 1467 507 1540 Serpere
517 1466 644 1520 crudeles
656 1461 695 1544 (v.
707 1480 744 1518 ao
759 1458 823 1540 sq).
837 1456 1048 1528 Wakefieldus,
1061 1455 1092 1510 in
1106 1453 1171 1509 Sile.
1189 1451 1269 1516 επὶ,
1282 1447 1341 1502 vol.
1353 1463 1387 1512 iv,

343 1578 372 1632 p.
388 1559 426 1616 23
435 1601 445 1629 ‚
462 1577 536 1615 corr.
552 1576 560 1613 ε
575 1583 588 1609 α
599 1550 724 1632 Carpere
747 1555 892 1614 crudelem
904 1551 977 1609 vidit
996 1541 1130 1624 lanugine
1143 1539 1251 1601 nialas·
1265 1537 1387 1616 (postas-

344 1671 422 1708 mum
433 1653 491 1708 hoc
505 1647 617 1729 codd.),
629 1650 649 1707 i.
662 1670 686 1707 e.
702 1661 731 1707 et
743 1649 817 1706 vidit
837 1647 983 1704 crudelem
996 1637 1142 1722 (cinam)
1156 1633 1293 1712 carpere,
1312 1643 1363 1689 etc.

390 1748 482 1818 Quum
495 1744 615 1803 meditor
632 1746 749 1801 terdena
769 1739 807 1822 (v.
824 1739 932 1820 24).1n
951 1737 1038 1795 codd.
1052 1747 1081 1792 et
1098 1733 1164 1790 edd.
1182 1741 1252 1786 vett.
1269 1730 1387 1784 lacuna:

345 1858 428 1913 quum
530 1841 559 1894 in
572 1839 657 1906 urst„
674 1855 761 1913 quam
778 1853 849 1894 voce
863 1834 983 1890 meditor
994 1828 1120 1904 explevit
1135 1822 1296 1890 Domitius3
1319 1822 1388 1875 Gro-

344 1951 412 1988 nov.
427 1943 457 1989 et
471 1932 573 1988 Markl.
588 1952 595 1988 ε
610 1933 697 1997 uuor,
712 1930 731 1985 i.
747 1949 771 1986 e.
792 1948 856 1986 cum
870 1927 971 1983 labore
989 1935 1018 1981 et
1033 1922 1135 1979 dolore
1155 1935 1270 1975 carmen
1290 1931 1387 1988 pango.

346 2024 440 2082 Etiam
452 2023 618 2095 inversnn7
633 2023 767 2080 lacunam
779 2029 941 2078 monstrant
953 2014 1065 2092 antiqui
1077 2012 1158 2083 libri,
1172 2011 1212 2068 ita
1222 2030 1229 2066 :
1239 2033 1251 2060 ι
1261 2009 1335 2064 Ossa
1344 2039 1360 2055 .-

345 2127 389 2174 est
406 2128 515 2192 :atque
527 2117 571 2174 ira
584 2115 730 2173 tacendi.»
744 2113 833 2188 Quod
851 2112 960 2170 editum
973 2121 1031 2181 est,
1047 2105 1176 2165 Domitio
1190 2113 1220 2160 et
1236 2101 1330 2176 ipsum
1344 2097 1388 2153 de·

348 2210 450 2280 butun-3
464 2208 515 2266 sed
533 2211 580 2265 vel
603 2210 642 2266 ob
659 2203 806 2265 nietsicam
826 2206 986 2262 libertatem
1004 2210 1182 2276 suspectum,
1202 2196 1317 2270 qualem
1334 2208 1386 2278 nou

347 2321 476 2377 unquam
489 2301 544 2360 sibi
556 2302 724 2381 indulgebat
737 2301 851 2358 Statius.
1191 2315 1196 2324 ⁴

392 2397 500 2452 Tenues
519 2399 622 2474 ignem
635 2397 745 2470 pollice
758 2395 879 2451 chordas
892 2389 931 2472 (v.
947 2388 1006 2470 31).
1021 2393 1064 2448 Ita
1077 2390 1123 2444 vel
1143 2387 1281 2443 tremus
1293 2381 1386 2439 Mastt

245 2546 248 2551 .
349 2489 480 2564 conjecit.
499 2494 617 2548 Veteres
631 2512 638 2547 ε
653 2492 779 2547 excludit
792 2490 880 2545 ramis
892 2508 904 2544 .·
918 2490 1029 2563 ignavo.

389 2586 582 2660 Fomentaque
594 2604 692 2660 quoero
709 2583 876 2640 Vulneribus
884 2624 893 2651 ,
907 2582 961 2637 sed
973 2598 1088 2636 summa
1095 2617 1105 2645 ‚
1120 2575 1192 2631 meis
1201 2570 1239 2649 (v.
1256 2570 1312 2649 aa).
1328 2571 1386 2625 Hac

347 2681 407 2753 jam
420 2698 437 2734 a
450 2678 553 2736 Markl,
571 2678 674 2736 merito
693 2688 808 2750 notata,
823 2686 852 2733 et
866 2686 932 2731 ante
945 2693 1011 2731 eum
1029 2672 1065 2728 ab
1079 2668 1214 2737 Heinsio,
1229 2666 1283 2741 qui
1299 2663 1387 2735 conje⁴

350 2774 389 2829 cit
405 2773 459 2829 sed
466 2790 554 2827 uana.
568 2774 677 2828 Verum
689 2770 814 2827 restimit
826 2770 968 2828 Weberus
982 2786 1019 2823 ex
1032 2765 1097 2822 cod.
1111 2760 1234 2836 Rhedig.
1250 2780 1258 2815 ε
1272 2784 1285 2810 α
1294 2759 1386 2814 vulne-

348 2866 442 2937 ribus,
458 2885 525 2941 quoe
543 2884 667 2934 summa,
680 2883 740 2919 m.»
754 2894 795 2907 -
807 2864 894 2938 Seqq.
909 2881 927 2919 a
944 2880 1031 2918 versu
1050 2858 1086 2926 46
1101 2857 1132 2911 in
1149 2854 1274 2929 antiquis
1293 2869 1384 2910 corru-

349 2958 476 3033 ptissima
494 2958 593 3034 paullo
619 2956 737 3013 liberius
758 2954 858 3013 refleta
879 2956 916 3011 ab
943 2949 1131 3021 Marklando,
1159 2966 1248 3022 quem
1270 2943 1388 3019 sequitur

350 3052 448 3108 editio.
463 3051 593 3131 Singulas
609 3049 781 3109 mutationes
794 3047 922 3105 indicare
939 3046 1024 3103 nobis
1037 3064 1090 3121 per
1110 3041 1234 3118 spatium
1251 3036 1386 3096 nonlicet

396 3146 498 3200 Verum
514 3156 576 3199 emt
593 3139 632 3221 (v.
649 3138 705 3221 49).
721 3143 745 3198 Ι.
765 3161 789 3199 e.
803 3160 917 3217 aequum
931 3150 1006 3211 erat,
1030 3154 1190 3194 merueram
1211 3152 1292 3204 saue,
1311 3142 1340 3187 ut
1361 3130 1386 3183 in

351 3236 531 3293 Horatiano:

457 3365 541 3416 Metiri
550 3382 576 3416 se
589 3382 707 3433 quemque
719 3381 764 3416 suo
775 3364 873 3415 modulo
887 3381 915 3416 ac
928 3364 990 3431 pede
1001 3378 1084 3413 verum
1095 3370 1138 3412 est.

255 3494 258 3501 '
352 3487 399 3542 Sic
412 3489 487 3542 recte
501 3488 608 3557 Gran,
622 3504 651 3560 p.
671 3486 738 3559 391.

394 3582 541 3656 loquaces
548 3579 675 3635 Delicias
682 3580 826 3635 documve
832 3580 878 3633 sui
884 3578 1009 3633 convictu
1015 3576 1078 3633 Nili
1084 3570 1228 3642 leuantem
1238 3568 1276 3649 (v.
1283 3567 1318 3624 66
1326 3561 1385 3640 sq.)-

355 3672 434 3745 Quid
446 3673 515 3728 velit
528 3673 649 3744 Statius,
665 3672 773 3747 optime
787 3670 926 3747 siguificat
938 3669 1088 3739 Martialis,
1102 3667 1139 3723 ab
1150 3665 1260 3723 Marii.
1279 3662 1386 3721 allatus,

355 3786 399 3836 ιν,
415 3773 451 3833 [μ
466 3787 473 3822 2

461 3922 488 3972 Si
501 3922 555 3988 quis
564 3921 624 3973 forte
634 3922 696 3972 mihi
705 3931 783 3989 ponet
797 3931 909 3989 prustare
921 3917 1028 3986 cunuti,

496 4005 575 4067 Audi,
586 4022 657 4072 quem
671 4022 788 4073 puerum,
801 4006 896 4065 Flacne,
910 4019 995 4069 raguse
1007 4001 1098 4052 veiim:

461 4091 559 4142 Niliacis
571 4091 675 4157 primum
687 4106 748 4157 puer
761 4090 900 4141 innascatur
913 4088 939 4139 in
951 4088 1011 4149 osis3

496 4175 620 4241 Nequitias
630 4175 698 4225 telliu
709 4175 754 4226 scit
766 4174 824 4223 dare
836 4174 903 4223 nulia
913 4171 994 4237 magis.
