2934 4950
30 1104 31 1117 r

29 1120 31 1137 t

32 441 34 486 j
68 412 141 472 3‘·3¹·l
371 408 568 463 SILVARUM
589 409 698 464 LIBER
721 408 771 462 111.

65 538 193 604 luobus
209 561 218 602 ε
237 533 409 602 imbrifera
425 536 554 627 potitur
567 532 814 603 'l'baumantide
829 536 917 600 Juno
934 556 941 597 :
992 615 995 624 ⁴

63 661 117 726 Stat
129 656 219 726 celer
237 655 399 749 obsequio
412 657 501 748 jussa
518 654 560 724 ad
579 655 751 750 Neptunia
765 655 906 722 Triton:

62 780 215 846 lutatius
233 790 362 846 mutata
379 774 503 844 ducum
516 777 596 870 juga
612 776 677 844 rite
692 773 797 843 tulisti

60 902 190 992 Integer,
209 899 314 992 inque
335 897 429 967 omui
441 895 522 967 felix
540 911 599 965 tua
613 897 730 989 cymba
748 894 925 991 profundo.

95 1024 238 1112 Jamque
253 1019 344 1113 piam
359 1017 417 1087 lux
432 1014 500 1086 alta
516 1016 672 1104 domum,
690 1015 909 1110 praecelsaque
927 1031 997 1085 toto

59 1142 186 1208 intravit
202 1143 355 1208 Fortuna
370 1137 486 1233 gradu.
504 1141 578 1208 Jam
595 1137 742 1208 creditur
757 1137 816 1206 uni
864 1167 929 1190 ω·

61 1265 250 1329 Sanctarum
264 1259 412 1353 digestus
427 1284 548 1352 opum,
564 1283 749 1353 sparsaeque
767 1283 827 1353 per
842 1283 955 1326 omues

61 1382 179 1449 Divitiae
196 1377 361 1474 populos,
377 1379 554 1473 magnique
570 1377 738 1473 impendia
754 1377 891 1460 mundi3

62 1500 220 1594 Quicquid
236 1501 280 1569 ab
295 1471 446 1568 auriferis
466 1500 584 1593 ejactat
598 1500 707 1568 Iberia
727 1498 840 1585 fossis,

62 1621 237 1691 Dalmatico
255 1619 476 1714 quodmonte
493 1621 598 1708 nitet,
617 1620 707 1714 quod
725 1621 885 1690 messibus
902 1620 989 1690 Afris

28 1803 29 1810 ,
62 1744 220 1830 Vertitur,
235 1741 368 1810 aestiferi
384 1740 543 1835 quicquid
563 1742 638 1810 terit
654 1766 730 1810 area
744 1740 833 1828 Nili,

64 1862 216 1957 Quodque
231 1863 310 1958 legit
327 1887 455 1932 mersus
469 1861 579 1958 pelagi
593 1879 759 1932 scrutator
775 1865 856 1938 Eoi,

65 1988 100 2052 u
113 1983 354 2054 Lacedaemonii
372 1986 527 2080 pecuaria
545 1982 636 2054 culta
653 1983 785 2072 Galesi,

66 2106 297 2199 Puspicuaeque
315 2106 425 2194 nives,
442 2103 652 2199 Massylaque
670 2106 809 2194 robora,
830 2120 864 2174 et
881 2103 956 2198 ludi

68 2227 166 2296 Dentis
179 2228 289 2296 honos
307 2252 316 2294 z
333 2227 393 2296 uui
413 2242 530 2324 parent
549 2227 724 2296 commissa
741 2227 910 2313 ministro,

67 2347 135 2434 Qua
152 2353 293 2435 Boreas,
313 2372 449 2442 quaeque
468 2353 577 2418 Eurus
596 2362 710 2434 atrox,
731 2374 805 2443 quae
823 2346 958 2417 nubilus
980 2353 1099 2418 Auster

69 2471 188 2540 Iurabit.
207 2471 374 2542 Hibernos
389 2470 486 2540 citius
502 2472 727 2540 numeraveris
744 2471 886 2558 imbres,

70 2588 280 2687 Silvammque
296 2616 417 2661 comas.
435 2591 526 2687 vigil
542 2595 611 2686 ipse
628 2592 795 2685 animique
811 2593 935 2686 sagacis

69 2712 165 2782 Exitus
179 2712 324 2799 evolvis,
342 2728 505 2807 quantum
521 2718 673 2783 Romana
691 2714 754 2781 sub
773 2714 864 2781 omni

69 2831 125 2900 Pila
142 2833 216 2923 die,
236 2849 467 2929 quantumque
482 2835 604 2905 Tribus
623 2861 630 2903 ε
652 2834 733 2929 quid
751 2833 875 2929 templa
893 2860 899 2901 :
919 2832 999 2927 quid
1017 2832 1075 2901 alti

69 2953 224 3025 Undarum
241 2980 378 3043 narsus,
398 2955 478 3050 quid
495 2955 746 3053 propugnacula
762 2970 899 3052 poscant

70 3075 222 3168 Equoris,
238 3091 297 3147 aut
313 3076 411 3172 longe
426 3079 524 3147 series
537 3092 690 3173 porrecta
702 3079 834 3146 viarum
849 3104 856 3143 :

70 3196 153 3283 Quod
167 3197 295 3268 domini
311 3198 405 3268 celsis
420 3197 524 3267 niteat
538 3198 748 3293 laquearibus
767 3222 906 3284 aurum,

71 3317 139 3404 Quae
151 3321 276 3389 Divum
296 3323 331 3388 in
347 3319 459 3389 vultus
475 3322 544 3414 igni
560 3317 736 3388 formanda
754 3318 912 3414 liquescat

72 3436 181 3529 bbssa3
200 3441 283 3536 quid
300 3443 454 3511 Ausoniae
468 3443 628 3535 scriptum
650 3456 763 3535 crepet
780 3440 856 3535 igne
875 3456 1025 3509 monetae.

107 3561 186 3631 Hine
199 3563 264 3631 tibi
281 3587 357 3630 rara
373 3564 483 3655 quies,
500 3563 677 3655 animoque
694 3559 826 3629 exclusa
841 3558 1016 3655 voluptas,

72 3681 250 3778 Euguaeque
265 3682 389 3777 dapes,
409 3698 442 3752 et
459 3707 631 3776 nunquam
652 3680 727 3749 laesa
742 3679 911 3775 profundo

73 3803 145 3871 Cura
158 3830 268 3892 mero;
287 3803 345 3874 sed
358 3806 436 3898 jura
453 3820 564 3873 tamen
579 3802 720 3897 genialia
741 3800 854 3890 cordi,

73 3923 105 3989 u
117 3943 253 3997 mentem
271 3927 395 3995 vincire
416 3928 517 4011 toris,
537 3942 569 3995 et
583 3928 723 4020 jungere
742 3924 822 3994 festa

74 4046 247 4139 Founubia,
267 4062 300 4119 et
315 4048 399 4117 fidos
415 4049 549 4118 domino
567 4050 716 4143 genuisse
737 4047 881 4117 clientes.
