2934 4950
307 369 349 425 m
370 333 400 425 r.
423 369 452 425 ι.
474 371 601 428 suern
621 369 728 428 ruas.
752 374 822 430 ιιιι.
846 377 897 432 ιιι.
1063 379 1126 440 ess

79 491 178 566 optimi
196 489 242 551 sui
259 489 527 561 leetionufrenu‘t
544 485 582 566 (e.
602 491 656 566 gl,
675 489 747 546 alios
765 493 859 569 legere
872 493 978 575 furit),
999 509 1026 553 et
1051 501 1091 556 sie
1109 520 1126 558 a

80 587 188 661 Regg„
202 583 286 659 prior
301 601 318 640 a
332 599 388 640 seo.
401 601 440 638 nt

117 677 212 733 Multo
230 695 320 751 super
339 676 415 733 teus
433 676 599 750 generisque
624 689 644 733 t.
664 697 763 736 amens
783 679 821 760 (v.
844 681 921 760 443).
946 685 1013 740 ileo
1034 704 1128 761 neque

79 771 149 826 bene
163 769 232 826 satis
245 770 397 840 dicuutur,
411 786 507 842 neque
521 786 587 824 cum
600 783 696 829 mente
708 774 825 831 Adrasti
844 777 976 850 superius
996 795 1128 852 expressa

79 862 259 920 conveniunt
286 861 345 918 Sed
364 860 396 916 in
421 871 482 935 opt.
506 860 571 918 cod.
594 863 702 922 Bmtbii
723 885 741 924 a
761 869 853 942 prima
872 888 960 925 mann
981 871 1129 946 legebatur

78 975 183 1027 που,
206 977 231 1013 o
254 956 331 1032 erpi.
346 953 565 1030 ‹cogitans»,l
585 976 609 1012 e.
629 958 742 1016 hoerens
752 1001 760 1029 ,
783 962 865 1038 quod
885 962 992 1020 reetitn
1010 981 1042 1020 ac
1060 964 1127 1022 fort.

78 1069 182 1106 rerum.
203 1051 339 1125 Optimus
354 1049 497 1106 Gronorii
516 1068 523 1104 ι
545 1049 666 1122 aspona,
683 1054 763 1111 unde
776 1055 900 1129 conjecit
912 1075 1022 1134 augens
1035 1077 1073 1114 sc.
1088 1079 1126 1115 se.

78 1143 186 1200 Deinde
197 1162 226 1199 v.
243 1142 301 1212 445
309 1140 478 1201 Wakefield
486 1142 525 1199 ad
538 1144 669 1217 Lueret,
683 1166 726 1202 ιιι
735 1148 825 1221 ,88ι,
838 1151 976 1206 mentibus
988 1169 1045 1226 pro
1058 1171 1127 1229 gen-

78 1235 155 1292 ntus.
179 1267 210 1278 —
223 1239 320 1293 Versu
338 1234 396 1304 448
401 1234 488 1308 flecti
501 1247 543 1292 est
554 1255 611 1310 pro
624 1236 754 1312 deflecti,
770 1251 840 1298 etv.
857 1241 914 1310 454
933 1261 969 1298 ex
990 1247 1124 1319 sequenti

78 1331 183 1405 largius
200 1328 396 1404 supplendum
410 1329 503 1403 magis
515 1330 553 1386 ad
566 1331 656 1387 verba
669 1335 717 1388 cui
727 1335 831 1391 denter
845 1337 963 1411 Apollo.

113 1423 287 1499 Aphesanta
305 1420 345 1501 (ι.
360 1419 438 1500 46ι).
452 1425 561 1480 «Mons
574 1433 617 1480 est
630 1426 721 1481 Tarso
739 1426 860 1498 Ciliciae,
874 1429 952 1485 unde
966 1449 996 1488 se
1009 1433 1127 1490 Perseus
1230 1428 1232 1439 '

77 1516 203 1574 emiserat
215 1516 436 1589 advolantium,
450 1535 544 1591 quum
551 1516 590 1572 ad
602 1517 824 1594 extinguendam
837 1523 1003 1599 Gorgonem
1017 1524 1127 1601 Libyen

76 1620 199 1683 peteret,
215 1620 266 1672 ἀπὸ
280 1625 324 1671 τοῦ
338 1619 435 1688 ἀφιέναι
449 1609 614 1684 Aphesanta
627 1629 734 1670 nomen
749 1613 866 1689 aceepit.
883 1639 896 1666 s
912 1617 1016 1687 Lien,
1030 1635 1047 1673 e
1059 1617 1124 1673 cod

77 1703 158 1759 Paris
171 1703 286 1760 emend.
299 1702 384 1760 Adde
394 1721 461 1758 eum
475 1703 513 1758 ad
518 1721 547 1758 v.
555 1701 623 1760 633.
640 1706 839 1764 Memorabilia
852 1708 911 1764 bno
925 1709 964 1765 ob
978 1709 1125 1767 historiam

76 1795 233 1854 tabularum
244 1795 281 1852 de
298 1797 402 1852 Perseo
419 1815 426 1851 :
438 1815 502 1871 quae
510 1815 603 1872 quum
618 1798 823 1874 antiquissimis
837 1802 1017 1876 temporibus
1029 1804 1125 1860 sede·

76 1889 210 1948 baberent
220 1891 293 1948 eitra
304 1891 402 1947 Asiam
413 1889 573 1960 Minorem,
590 1891 694 1948 sensim
715 1904 918 1952 motmunt
935 1896 966 1951 in
978 1897 1125 1954 Orientem

77 2003 165 2060 usqne
178 1985 216 2042 ad
231 1986 330 2042 Persas
341 1986 458 2040 ultimos
472 2005 479 2039 ε
499 2003 536 2041 ex
552 1985 607 2040 hac
622 1985 713 2062 igitur
724 2005 806 2060 pane
821 1987 944 2046 dixerim
960 1991 1126 2066 mpborum

77 2077 302 2152 peregrinatione
319 2075 487 2134 Laemntiue
500 2095 564 2132 eam
580 2076 707 2134 fabulam
727 2079 868 2153 serravit,
888 2101 974 2156 φιιιιιι
993 2101 1039 2140 me
1058 2083 1126 2140 abbi

76 2171 165 2247 legme
178 2191 241 2228 non
253 2169 379 2228 memini.
400 2173 511 2226 Verum
524 2181 645 2245 apparet
660 2171 765 2228 Cilieiae
779 2173 925 2248 regionem
938 2175 967 2232 h.
977 2178 996 2232 1.
1011 2195 1027 2233 a
1040 2187 1126 2252 poeta

79 2263 225 2320 memorari
234 2283 295 2319 nou
307 2262 436 2337 potuisse
452 2283 460 2318 :
476 2261 566 2318 immo
585 2262 755 2340 intelligitur
767 2265 870 2336 Aniene
883 2275 934 2347 ὄρος
950 2284 994 2338 τῆς
1006 2280 1121 2349 Νεμέας,

77 2368 106 2412 nt
118 2359 157 2414 ait
177 2359 277 2433 Steph.
299 2359 384 2433 Byn,
405 2375 493 2432 quem
505 2355 572 2413 ride
586 2375 653 2413 eum
666 2369 740 2413 nott.
761 2358 886 2434 interpp.
909 2372 939 2417 et
954 2381 1029 2436 quos
1043 2363 1125 2420 addit

78 2449 192 2510 Siebelis
204 2450 244 2510 ad
259 2453 397 2521 Pansam,
410 2451 468 2507 vol.
481 2469 510 2521 1,
523 2469 554 2525 p.
571 2451 636 2526 198.
848 2449 852 2458 '

113 2547 257 2603 Nib‘acum
275 2564 366 2622 pecus
383 2542 423 2625 (v.
439 2541 517 2621 478).
533 2544 634 2619 «Apin
648 2544 730 2616 dicit,
754 2556 869 2602 taurum
882 2550 1013 2605 lunatum
1030 2550 1125 2624 isidis,

78 2640 125 2713 qui
136 2639 280 2717 AEgypnis
299 2649 384 2695 motu
397 2637 530 2713 eorporis
543 2638 589 2694 sui
608 2648 637 2694 et
650 2638 823 2713 quibusdum
836 2639 924 2717 signis
936 2640 1034 2697 futura
1045 2661 1121 2716 pras·

79 2734 172 2791 dide·
189 2735 282 2792 Lacr.
303 2733 390 2804 elin,
416 2734 454 2788 H.
475 2733 622 2802 tt.‚v1u,
645 2732 681 2801 46
705 2752 712 2786 :
737 2734 907 2807 «Responsa
925 2732 1015 2808 priris
1037 2735 1087 2791 dat
1108 2757 1125 2792 e

79 2846 159 2885 manu
172 2827 385 2885 eonsnlntium
405 2824 503 2883 cibum
524 2826 673 2901 mpiendo.
692 2826 857 2882 Germanici
875 2825 990 2884 Csesads
1007 2846 1124 2885 manum

80 2933 216 2979 aversatum
224 2932 284 2993 est,
295 2920 376 2977 baud
387 2923 481 2977 multo
494 2931 594 2996 postea
608 2919 749 2978 exstincti.
760 2944 772 2970 υ
782 2950 822 2963 —-
832 2920 988 2995 Patraeque
1001 2923 1124 2996 <equalis

80 3014 180 3073 Ιιοωιί
201 3014 385 3075 Preierenda
408 3032 475 3071 oum
496 3016 588 3071 Grou.
611 3012 698 3071 lertio
718 3011 860 3070 homuntii
886 3012 925 3069 ad
938 3030 1016 3085 vm,
1043 3016 1098 3089 198
1115 3001 1132 3070 ι’

80 3122 235 3185 «aquatus.
246 3133 260 3160 s
274 3107 322 3165 Sic
335 3107 412 3163 enim
429 3107 471 3163 ibi
484 3107 649 3165 scholiastes
665 3127 673 3163 ε
694 3131 707 3158 ι
718 3107 866 3164 Branchus
878 3106 1019 3181 Apollinis
1033 3116 1075 3163 est
1087 3106 1125 3163 fi-

78 3202 141 3275 lius,
153 3216 181 3261 et
197 3204 260 3278 ipse
277 3202 441 3258 futurormn
460 3200 648 3276 peritissimus
665 3201 746 3258 deus.
766 3202 808 3259 Ut
825 3199 886 3275 ipse
902 3199 972 3257 olibi
985 3220 993 3255 z
1007 3200 1125 3257 Patrio-

80 3315 130 3369 que
146 3308 275 3374 oequntus
295 3295 397 3351 honori
413 3294 572 3350 ermen.
588 3318 601 3345 s
618 3294 731 3351 Deinde
751 3293 975 3351 memorabilem.
986 3294 1124 3351 Varronis

78 3390 188 3463 subjioit
199 3392 314 3461 locum,
326 3408 388 3445 non
399 3388 495 3447 verbis
508 3386 626 3463 quidem
642 3388 747 3462 ipsius,
761 3386 812 3445 sed
827 3388 914 3445 rebus
926 3398 1023 3445 tamen
1037 3406 1074 3444 ex
1089 3408 1124 3445 eo

82 3484 175 3541 ruam
201 3486 301 3554 Quem
320 3482 546 3539 emendatiorem
567 3501 584 3539 e
607 3481 672 3538 eod.
694 3482 781 3538 Paris.
801 3492 967 3557 prestamus
980 3500 989 3536 ε
1004 3482 1123 3539 «Varro

83 3576 177 3633 &mm
188 3577 348 3632 divinansm
368 3574 405 3632 de
423 3576 555 3633 Braucbo
568 3575 609 3633 sic
627 3575 714 3632 refert
732 3594 739 3629 :
758 3575 831 3631 Olus
845 3573 979 3650 quidun,
995 3573 1123 3632 decimus

84 3670 115 3725 ab
126 3670 270 3745 Apolline,
283 3688 374 3745 quum
386 3670 418 3725 in
429 3669 660 3747 peregrinatione
668 3668 826 3744 pranderet
838 3667 870 3724 in
878 3667 962 3725 litore
972 3685 1005 3724 ac
1019 3668 1124 3727 deinde

83 3763 311 3837 proficisoeretnr,
327 3762 433 3821 obiitus
452 3775 494 3821 est
511 3763 604 3822 filium
621 3762 738 3822 nomine
759 3762 909 3819 Simerum.
924 3762 976 3819 Ille
990 3762 1123 3835 pervenit

83 3854 110 3910 iu
129 3859 226 3915 saltum
242 3857 374 3915 Patronis
388 3857 550 3931 enjusdam,
564 3868 593 3915 et
606 3876 697 3933 quum
706 3867 779 3914 esset
791 3865 940 3931 receptus,
957 3854 1045 3929 coepit
1059 3874 1125 3911 cnm

84 3950 135 4008 suis
150 3951 246 4026 pueris
268 3970 368 4025 capras
384 3970 509 4028 pascere.
522 3951 689 4027 Aliquando
703 3950 921 4026 prehenderunt
936 3967 1073 4025 cygnum,
1092 3959 1125 4005 et

85 4038 156 4097 ilium
167 4055 246 4101 veste
265 4056 484 4120 cooperuerunt
500 4046 538 4103 Et
555 4044 630 4119 jam,
648 4044 719 4101 dum
736 4042 791 4118 ipsi
803 4052 948 4119 pugnant,
962 4050 1027 4097 uter
1044 4041 1123 4096 illum

222 4169 247 4214 1.
961 4166 1005 4212 20
