2934 4950
334 470 374 525 ΙΝ
398 471 428 525 Ρ.
451 472 482 524 Ρ.
505 470 630 525 STATll
651 470 759 526 ΤΗΕΒ.
783 471 852 526 LlB.
874 473 926 528 lx.
1096 475 1152 547 327

152 583 446 660 Planctn...1ieani(v.
468 583 546 663 599).
565 587 604 642 Ut
620 585 649 640 in
665 586 786 642 somnio.
802 588 891 662 Seqq.
904 587 1029 662 explicat
1041 592 1156 649 Glosw

99 706 113 730 .
128 681 271 736 Somnum
287 677 364 733 oculi
378 677 543 754 evigilantes
557 677 745 750 ebrttperunt.
756 702 772 731 o

148 773 337 846 Animumque
351 771 471 844 innupta
490 767 529 847 (v.
545 767 623 846 διδ).
638 773 694 827 ΜΒ
712 771 799 827 etalii
812 772 905 828 boni:
922 797 938 826 α
948 775 1136 852 attenteque.»

152 867 220 922 Tela
233 884 310 941 puer
327 862 366 942 (v.
386 863 465 938 621).
484 864 638 920 Pulchrum
657 863 703 920 hic
720 865 896 940 asyndeton,
915 869 998 942 qnod
1016 871 1157 926 removeri

99 979 168 1016 non
183 959 307 1017 debebat
331 977 346 1015 a
369 958 472 1014 Markl.
493 959 535 1012 ad
546 959 631 1023 Situ,
646 977 695 1028 ιιι,
722 978 754 1029 ι,
777 958 847 1029 160,
866 961 1039 1038 conligendo
1058 986 1071 1014 ι
1086 965 1158 1020 tela.

99 1073 162 1130 que
172 1073 231 1129 per
242 1055 394 1127 lactymas.
412 1075 424 1101 υ
445 1054 480 1106 Ιιι
494 1051 564 1126 lieg.
586 1070 597 1106 1
616 1051 759 1107 omittitur
775 1052 943 1110 hievernus.

148 1147 329 1202 Labdacidas
342 1143 380 1218 (v.
391 1142 469 1220 650).
484 1143 674 1199 scribendum
689 1165 755 1201 cum
770 1147 866 1202 Barth.
881 1159 910 1204 et
922 1151 1013 1204 Gron.
1028 1167 1064 1204 en
1077 1150 1156 1223 opti-

99 1240 159 1296 mis
178 1238 282 1309 codd,
296 1238 382 1294 etiam
399 1238 489 1313 Regg.
505 1247 535 1292 ct
546 1239 642 1307 luet,
657 1239 833 1294 labdacios.

147 1345 230 1401 Colla
246 1347 346 1400 sedent
360 1341 398 1421 (v.
414 1343 493 1414 687).
508 1343 672 1400 lactantius
686 1345 838 1418 conjunxit
852 1349 928 1404 colla
941 1347 1043 1404 sedent
1053 1349 1155 1416 nodis,

98 1437 251 1512 explicans
261 1462 273 1487 l
283 1438 367 1511 plene
378 1445 444 1491 sunt
458 1435 602 1490 musculis.
615 1461 626 1486 υ
641 1437 698 1493 Sed
712 1438 813 1493 melius
826 1440 989 1512 vulgatum
1002 1440 1086 1514 capio
1100 1458 1154 1496 eu-

98 1544 162 1588 tem
186 1551 242 1606 pro
264 1531 384 1587 demissa
408 1540 489 1600 sunt,
518 1539 549 1584 ut
572 1530 601 1584 in
625 1532 706 1604 equis
725 1532 917 1588 currentibus.
940 1533 994 1590 Cui
1012 1535 1155 1592 contraria

97 1646 164 1681 non
178 1635 220 1680 est
239 1624 420 1699 sequentium
436 1622 579 1696 expositio
594 1643 639 1697 ap.
651 1627 743 1680 *Lact
766 1647 773 1680 :
793 1653 805 1676 α
817 1644 893 1700 pexa
906 1637 935 1682 et
954 1629 1072 1686 collecta
1084 1629 1156 1702 juba

97 1721 130 1774 in
153 1718 266 1776 cervice
284 1717 353 1793 equi
370 1717 489 1774 sedebat
509 1726 646 1773 ornata.»
666 1719 728 1773 Nisi
750 1720 885 1793 proferes
899 1721 1005 1778 nuntii
1025 1722 1154 1796 explice-

98 1815 213 1869 tionem
229 1833 236 1867 :
248 1812 321 1884 juba
340 1810 438 1884 equini
459 1811 523 1866 colli
537 1809 623 1865 nodis
643 1811 787 1883 implicata
801 1808 983 1888 implensque
997 1813 1109 1894 (sedit),
1119 1835 1156 1872 nc

95 1916 202 1980 possct
214 1923 296 1961 cursu
316 1905 385 1978 erigi
400 1915 427 1959 et
441 1903 508 1958 hinc
523 1903 589 1959 inde
604 1902 750 1960 fluctuare.
773 1906 819 1961 nd
840 1925 920 1982 seqq.
939 1908 1015 1965 bene
1035 1927 1155 1984 compn-

98 2009 169 2055 rant
188 1999 313 2055 editores
325 1997 446 2054 Parisini
461 1998 595 2070 Calpurn.
611 1998 673 2051 Ect'.
687 2016 717 2052 vi
726 2039 734 2068 ,
752 1997 787 2064 43
807 2019 814 2053 ι

320 2221 326 2232 .
344 2221 349 2232 .
367 2221 373 2231 .
390 2220 396 2232 .
412 2183 543 2250 Rutiloque
557 2182 656 2233 monilia
671 2193 757 2249 torque

213 2273 326 2320 Extrema
341 2267 433 2318 ceruice
448 2277 531 2318 natant
547 2286 554 2316 s
570 2267 614 2317 ubi
628 2267 747 2334 pendulus
761 2266 817 2334 apri

213 2355 278 2404 Dens
294 2353 399 2404 sedetet
412 2353 483 2404 nivet
500 2352 625 2419 distinguit
641 2361 739 2420 pectore
753 2353 818 2402 lune.

143 2535 230 2588 Juvat
253 2552 343 2589 autea
362 2552 454 2588 morsu
477 2530 515 2608 (v.
533 2530 612 2608 694).
628 2534 701 2588 Vera
722 2532 808 2588 lectio
822 2530 956 2586 codicum
979 2551 1055 2605 qnos
1069 2534 1156 2589 novi-

100 2624 182 2697 mds5
200 2626 315 2702 ignotus
327 2625 438 2683 Schotti
452 2625 483 2681 iu
503 2626 583 2681 Obss.
604 2627 702 2693 Hom„
719 2644 761 2695 ιι,
776 2644 827 2697 29,
844 2634 872 2679 et
892 2624 1156 2683 Pirckhemerienus

99 2718 248 2776 Gronovii
265 2738 272 2774 ι
294 2720 390 2793 «ligat
404 2737 464 2775 aur.
474 2760 482 2791 ,
494 2742 507 2770 ι
521 2736 557 2775 ex
578 2716 629 2773 int.
645 2720 732 2772 -ln
747 2718 877 2774 versibus
892 2730 960 2791 post
978 2718 1036 2794 696
1056 2718 1155 2777 infini-

101 2814 154 2868 tivi
175 2812 303 2887 pendent
320 2813 356 2867 ab
370 2814 472 2869 hiberis
490 2812 520 2867 in
540 2832 566 2868 v.
582 2811 651 2887 698.
671 2812 789 2868 Catenoe
802 2822 897 2869 autem
910 2824 976 2869 sumt
989 2813 1070 2870 illae«
1091 2834 1156 2890 qua

101 2925 118 2961 a
134 2917 220 2979 parte
234 2906 320 2982 galea
338 2905 542 2962 descendentes
562 2906 599 2961 ab
613 2904 673 2960 ictu
690 2907 765 2961 colla
784 2904 909 2963 sedentis
923 2904 1093 2969 defendunt,
1109 2933 1121 2958 ι,

993 3003 1092 3058 Gnoss.

145 3094 302 3168 Raeliisque
318 3095 456 3149 micantes
474 3089 514 3167 (v.
537 3092 614 3163 φοι),
640 3092 777 3147 Nonnulli
799 3091 882 3161 libri,
903 3092 934 3147 in
954 3093 1062 3167 quibus
1083 3098 1155 3168 ΜΒ,

106 3206 115 3241 ι
132 3186 254 3257 Behot.,
272 3187 407 3256 Cantab„
426 3204 443 3241 ι
459 3187 549 3261 Regg.
564 3204 570 3241 :
588 3199 745 3241 trementes.
764 3218 804 3228 —
819 3188 884 3261 Seq.
902 3206 930 3243 v.
946 3190 1000 3243 ΜΒ
1015 3208 1023 3244 z
1036 3214 1049 3241 ι
1065 3192 1156 3249 Dulce

101 3280 198 3335 nitent
210 3278 304 3351 oculi,
323 3290 366 3349 et,
380 3298 467 3354 quam
482 3277 598 3350 dolet‚n
613 3289 770 3353 utrumque
782 3279 874 3353 pejus.

147 3373 319 3447 Pmperasti
329 3374 371 3427 ad
379 3374 489 3448 proelia
503 3371 541 3449 (v.
558 3369 635 3450 715).
649 3375 719 3448 Reg.
743 3392 753 3427 1
777 3391 784 3427 :
799 3400 811 3422 a
820 3373 849 3428 in
862 3373 995 3447 puelia.»

150 3479 207 3533 Vin
223 3490 292 3535 tutae
311 3480 373 3534 sine
390 3491 482 3534 matre
499 3478 558 3533 vice
580 3475 620 3553 (v.
637 3476 715 3556 για).
734 3480 789 3533 ΜΒ
808 3498 816 3533 :
836 3500 921 3535 ecum
941 3490 1068 3550 matre‚»
1086 3482 1154 3541 sort.

104 3593 182 3630 vere.

150 3668 273 3739 Cotyton
288 3666 351 3721 telis
370 3662 409 3742 (v.
426 3662 505 3742 730).
521 3664 660 3737 «Corytcs
679 3664 762 3719 theca
780 3682 865 3721 eccm
878 3665 966 3722 solius
980 3666 1095 3737 (licitene,
1113 3666 1154 3723 si-

104 3772 156 3816 cut
171 3759 314 3837 pharetra
332 3758 514 3833 sagittarum,
537 3769 565 3814 et
589 3776 693 3833 sagma
709 3756 798 3828 scuti;
811 3778 889 3815 nunc
903 3778 974 3815 vero
994 3757 1071 3836 [ergo
1089 3761 1154 3817 cod.

105 3849 182 3930 Pan]
200 3862 314 3925 coryton
332 3869 387 3924 pro
399 3852 533 3924 pharetra
546 3849 651 3925 posuit.
664 3874 674 3901 s
686 3851 775 3906 Lien.
784 3851 911 3907 -ldem
925 3862 990 3907 ante
1010 3850 1040 3905 in
1055 3872 1081 3909 v.
1099 3859 1154 3921 724

105 3948 134 4003 in
158 3946 218 4002 MS.
240 3943 326 4000 Paris.
342 3947 470 4013 ululata,
487 3964 548 4001 non
568 3944 725 4011 ululanda,
741 3953 774 4000 ut
788 3945 855 4002 cdd.
873 3976 913 3988 -
926 3947 992 4019 Seq.
1006 3964 1032 4001 v.
1049 3948 1120 4021 neg.
1141 3964 1152 4001 1

104 4052 132 4096 et
148 4042 200 4111 el,
216 4040 245 4094 in
258 4038 364 4113 quibus
377 4038 438 4093 sine
448 4038 539 4094 dubio
553 4037 686 4094 meliores
699 4038 807 4093 Barthii
817 4058 825 4094 ε
835 4040 955 4107 desiliit,
968 4056 1023 4112 pro
1032 4038 1156 4115 cffugit:

106 4147 134 4191 ct
150 4154 250 4193 verum
262 4132 370 4207 judico.
383 4133 556 4211 Agnoscitur
569 4132 654 4189 etiam
668 4132 853 4192 ascholiastis
866 4133 979 4192 Buthii.
