2934 4950
90 399 131 454 (v.
145 396 217 460 aar.)
390 389 646 448 scutataloos
667 390 782 446 LIBER
799 390 837 445 11.
1093 387 1150 464 295

89 525 179 593 Non
194 518 279 590 ullas
293 545 334 590 ex
347 545 440 588 more
454 518 555 613 dapes
569 517 742 606 habuisse,
760 542 821 586 nec
839 513 934 585 almis

90 643 271 714 Uberibus
288 644 424 714 satiasse
442 640 581 729 semem,
598 638 656 712 sed
672 639 777 735 spissa
796 638 933 709 leonum

89 768 256 849 Viscera,
273 765 550 859 semianimesque
567 762 675 834 libens
696 764 834 834 traxisse
852 760 1025 832 medullas.

90 892 181 958 Haec
201 887 284 958 mihi
300 887 407 982 prima
425 890 544 972 Ceres,
560 887 631 956 haee
647 885 714 956 laeti
731 909 873 956 munera
889 884 1025 970 Bacchi,

90 1013 153 1080 Sic
169 1009 272 1082 dabat
287 1007 344 1080 ille
361 1023 457 1105 pater
473 1004 578 1080 :mox
594 1011 643 1080 ire
657 1033 717 1106 per
732 1011 807 1078 aria
824 1033 936 1078 mcum

89 1135 222 1204 Lustra
239 1130 347 1228 gradu
366 1133 492 1224 majore
513 1131 666 1220 trahens,
686 1133 833 1226 visisque
853 1131 994 1201 docebat

89 1253 255 1324 Arridere
275 1253 368 1341 feris,
387 1279 448 1324 nee
466 1254 572 1324 fracta
590 1253 764 1324 ruentibus
782 1253 882 1324 undis

89 1379 207 1463 Saxa,
224 1400 286 1445 nec
299 1375 341 1448 ad
356 1390 456 1447 rastae
471 1376 640 1472 trepidare
656 1374 789 1448 silentia
803 1375 904 1447 silvae.

89 1501 112 1566 J
114 1522 173 1566 am
188 1512 268 1567 tunc
283 1496 380 1567 basta
393 1522 514 1586 manu,
524 1498 596 1591 jam
611 1512 692 1571 tunc
710 1499 840 1568 cervice
853 1499 1030 1592 pharetrae,

89 1623 141 1688 Et
159 1617 239 1690 serri
254 1633 456 1714 properatus
473 1643 581 1708 amor,
600 1619 786 1714 durataque
798 1617 908 1717 multo

91 1736 177 1809 Sole
191 1738 335 1835 geluque
351 1741 457 1830 eutis3
476 1755 592 1821 tenero
609 1764 672 1812 nee
685 1740 768 1812 flexa
784 1739 887 1812 cubili
1012 1770 1015 1776 ¹

90 1862 270 1948 Membra,
290 1863 349 1934 sed
367 1864 495 1958 ingenti
516 1889 633 1936 saxum
650 1887 831 1935 commune
846 1865 1017 1956 magistro.

91 1985 166 2053 Vix
183 1984 265 2058 mihi
280 1984 431 2058 bissenos
446 2010 611 2057 annorum
628 1999 773 2056 torserat
786 1984 883 2053 orbas

91 2108 177 2175 Vita
192 2104 302 2193 rudis,
318 2105 470 2178 volucres
486 2131 590 2201 quum
602 2107 672 2200 jam
687 2121 886 2202 praevertere
900 2129 1034 2192 cervos,

93 2233 142 2297 Et
158 2227 318 2322 Lapithas
332 2228 475 2321 cogebat
492 2251 600 2320 equo,
615 2228 852 2322 praemissaque
868 2253 969 2298 cursu

93 2348 178 2420 Tela
193 2351 286 2444 sequi
306 2377 314 2420 ε
335 2374 422 2445 saepe
436 2351 508 2444 ipse
523 2348 628 2444 gradu
644 2372 697 2417 me
712 2364 858 2444 prepete
872 2350 1016 2433 Chiron,

94 2476 191 2543 Dum
207 2469 305 2541 velox
324 2459 421 2557 aetas,
439 2471 564 2566 campis
585 2468 750 2542 admissus
765 2470 886 2565 agebat

96 2595 284 2682 Omnibus,
302 2593 567 2687 exhaustumque
584 2616 669 2687 vago
690 2617 751 2686 per
766 2594 918 2687 gramina
937 2617 1036 2687 passu

96 2715 274 2787 Laudabat
297 2712 462 2811 gaudens,
476 2728 576 2808 atque
590 2715 625 2783 in
642 2738 702 2786 sua
718 2711 805 2785 eolla
820 2712 960 2787 levabat.

98 2842 193 2933 Saepe
206 2840 306 2910 etiam
321 2839 431 2932 primo
444 2836 539 2907 ssuvii
554 2852 690 2932 torpore
701 2838 841 2932 jubebat

96 2966 153 3030 Ire
170 2985 282 3057 super,
297 2958 503 3056 glaciemque
517 2957 582 3030 levi
597 2983 665 3028 non
680 2957 837 3054 frangere
850 2957 977 3054 planta

100 3088 172 3151 Hoc
194 3080 436 3176 pueriledecus
452 3108 461 3151 ε
480 3079 562 3176 quid
576 3106 668 3151 nunc
683 3080 745 3155 tibi
757 3078 875 3175 proelia
889 3080 999 3157 dicam

101 3204 290 3275 Silvarum?
312 3219 346 3272 et
363 3228 487 3273 vacuos
504 3227 589 3273 saevo
604 3190 674 3298 jam
696 3226 869 3278 murmure
885 3200 1013 3273 saltus?

101 3330 282 3421 Nunquam
299 3326 354 3397 ille
368 3324 519 3397 imbelles
534 3329 647 3397 Ossaea
661 3352 721 3421 per
736 3328 811 3397 avia
828 3325 940 3423 lynces

102 3450 242 3537 Sectari,
259 3464 317 3517 aut
332 3447 467 3518 timidos
480 3472 595 3541 passus
608 3474 661 3517 me
676 3448 815 3543 cuspide
827 3447 942 3521 damas

102 3575 275 3658 Sternere,
289 3569 346 3639 sed
362 3570 472 3640 tristes
488 3570 623 3640 turbare
635 3568 802 3645 cubilibus
815 3597 926 3660 ursas,

102 3692 358 3787 Fulmineosque
377 3718 471 3779 sues,
491 3708 525 3763 et
548 3693 654 3762 sicubi
679 3694 821 3765 maxima
842 3696 958 3791 tigris,

102 3822 169 3887 Aut
184 3815 321 3885 seducta
336 3817 427 3911 jugis
449 3816 535 3887 foeta
552 3812 708 3909 spelunca
729 3812 851 3887 leena.

101 3945 176 4033 lpse
198 3937 314 4009 sedens
333 3953 426 4011 vasto
446 3938 532 4008 lacta
550 3936 764 4031 exspectabat
784 3937 826 4007 ab
845 3953 959 4027 antro,
1051 3948 1053 3952 '

104 4063 136 4132 Si
160 4086 293 4155 sparsus
315 4087 439 4157 magno
462 4082 643 4131 remearem
662 4062 825 4157 sanguine
845 4089 853 4129 :
873 4088 934 4132 nec
961 4088 1013 4131 me
