<?xml version="1.0" encoding="UTF-8"?>
<!DOCTYPE html PUBLIC "-//W3C//DTD XHTML 1.0 Transitional//EN"
    "http://www.w3.org/TR/xhtml1/DTD/xhtml1-transitional.dtd">
<html xmlns="http://www.w3.org/1999/xhtml" xml:lang="en" lang="en">
 <head>
  <title>
</title>
<meta http-equiv="Content-Type" content="text/html;charset=utf-8" />
  <meta name='ocr-system' content='tesseract 3.04.00' />
  <meta name='ocr-capabilities' content='ocr_page ocr_carea ocr_par ocr_line ocrx_word'/>
</head>
<body>
  <div class='ocr_page' id='page_1' title='image "./operaquaeextant01dbgoog_0515.png"; bbox 0 0 2934 4950; ppageno 0'>
   <div class='ocr_carea' id='block_1_1' title="bbox 374 399 1406 470">
    <p class='ocr_par' dir='ltr' id='par_1_1' title="bbox 374 399 1438 494">
     <span class='ocr_line' id='line_1_1' title="bbox 374 399 1406 470; baseline -0.012 -10"><span class='ocrx_word' id='word_1_1' title='bbox 374 403 428 460; x_wconf 76' lang='lat'><strong>186</strong></span> <span class='ocrx_word' id='word_1_2' title='bbox 694 403 911 470; x_wconf 74' lang='lat' dir='ltr'><strong>Tflttuumos</strong></span> <span class='ocrx_word' id='word_1_3' title='bbox 930 402 1041 458; x_wconf 77' lang='lat' dir='ltr'><strong>Ltttutt</strong></span> <span class='ocrx_word' id='word_1_4' title='bbox 1060 401 1099 458; x_wconf 79' lang='lat' dir='ltr'><strong>X.</strong></span> <span class='ocrx_word' id='word_1_5' title='bbox 1310 399 1406 463; x_wconf 67' lang='lat' dir='ltr'><strong>(etet.)</strong></span> 
     </span>
    </p>
   </div>
   <div class='ocr_carea' id='block_1_2' title="bbox 231 529 1438 4166">
    <p class='ocr_par' dir='ltr' id='par_1_2' title="bbox 231 529 1438 4166">
     <span class='ocr_line' id='line_1_2' title="bbox 236 529 1408 624; baseline -0.005 -20"><span class='ocrx_word' id='word_1_6' title='bbox 236 535 240 542; x_wconf 81' lang='lat'>&#39;</span> <span class='ocrx_word' id='word_1_7' title='bbox 369 538 459 604; x_wconf 83' lang='lat' dir='ltr'><strong>Rara</strong></span> <span class='ocrx_word' id='word_1_8' title='bbox 474 554 609 603; x_wconf 79' lang='lat' dir='ltr'><strong>mures:</strong></span> <span class='ocrx_word' id='word_1_9' title='bbox 624 529 695 624; x_wconf 87' lang='lat' dir='ltr'><strong>jam</strong></span> <span class='ocrx_word' id='word_1_10' title='bbox 714 544 822 606; x_wconf 83' lang='lat' dir='ltr'><strong>cestra</strong></span> <span class='ocrx_word' id='word_1_11' title='bbox 839 529 972 620; x_wconf 86' lang='lat' dir='ltr'><strong>vident,</strong></span> <span class='ocrx_word' id='word_1_12' title='bbox 990 529 1159 624; x_wconf 87' lang='lat' dir='ltr'><strong>armisque</strong></span> <span class='ocrx_word' id='word_1_13' title='bbox 1177 530 1408 624; x_wconf 81' lang='lat' dir='ltr'><strong>propinquant,</strong></span> 
     </span>
     <span class='ocr_line' id='line_1_3' title="bbox 369 650 1277 746; baseline -0.009 -20"><span class='ocrx_word' id='word_1_14' title='bbox 369 659 416 726; x_wconf 84' lang='lat' dir='ltr'><strong>ttt</strong></span> <span class='ocrx_word' id='word_1_15' title='bbox 433 653 596 724; x_wconf 74' lang='lat' dir='ltr'>decrescit</span> <span class='ocrx_word' id='word_1_16' title='bbox 611 676 715 742; x_wconf 88' lang='lat' dir='ltr'><strong>onus;</strong></span> <span class='ocrx_word' id='word_1_17' title='bbox 731 651 833 724; x_wconf 87' lang='lat' dir='ltr'><strong>subiti</strong></span> <span class='ocrx_word' id='word_1_18' title='bbox 850 676 957 746; x_wconf 91' lang='lat' dir='ltr'><strong>quum</strong></span> <span class='ocrx_word' id='word_1_19' title='bbox 974 650 1122 746; x_wconf 90' lang='lat' dir='ltr'><strong>pulveris</strong></span> <span class='ocrx_word' id='word_1_20' title='bbox 1137 650 1277 738; x_wconf 83' lang='lat' dir='ltr'><strong>umbre,</strong></span> 
     </span>
     <span class='ocr_line' id='line_1_4' title="bbox 369 773 1206 870; baseline -0.008 -22"><span class='ocrx_word' id='word_1_21' title='bbox 369 781 413 848; x_wconf 86' lang='lat' dir='ltr'><strong>Et</strong></span> <span class='ocrx_word' id='word_1_22' title='bbox 429 800 530 847; x_wconf 89' lang='lat' dir='ltr'><strong>sonus</strong></span> <span class='ocrx_word' id='word_1_23' title='bbox 550 800 570 844; x_wconf 88' lang='lat' dir='ltr'><strong>a</strong></span> <span class='ocrx_word' id='word_1_24' title='bbox 587 788 706 870; x_wconf 88' lang='lat' dir='ltr'><strong>tergo:</strong></span> <span class='ocrx_word' id='word_1_25' title='bbox 726 774 857 844; x_wconf 87' lang='lat' dir='ltr'><strong>monitu</strong></span> <span class='ocrx_word' id='word_1_26' title='bbox 877 773 973 851; x_wconf 79' lang='lat' dir='ltr'><strong>ducis</strong></span> <span class='ocrx_word' id='word_1_27' title='bbox 990 798 1069 845; x_wconf 86' lang='lat' dir='ltr'><strong>acer</strong></span> <span class='ocrx_word' id='word_1_28' title='bbox 1086 773 1206 869; x_wconf 84' lang='lat' dir='ltr'><strong>egebat</strong></span> 
     </span>
     <span class='ocr_line' id='line_1_5' title="bbox 369 869 1296 996; baseline -0.002 -27"><span class='ocrx_word' id='word_1_29' title='bbox 369 899 541 996; x_wconf 72' lang='lat' dir='ltr'><strong>Amphion</strong></span> <span class='ocrx_word' id='word_1_30' title='bbox 562 899 707 992; x_wconf 78' lang='lat' dir='ltr'><strong>equites,</strong></span> <span class='ocrx_word' id='word_1_31' title='bbox 729 911 863 966; x_wconf 86' lang='lat' dir='ltr'><strong>noctem</strong></span> <span class='ocrx_word' id='word_1_32' title='bbox 882 896 1087 992; x_wconf 79' lang='lat' dir='ltr'>vigilataque</span> <span class='ocrx_word' id='word_1_33' title='bbox 1104 910 1214 968; x_wconf 77' lang='lat' dir='ltr'><strong>eastra</strong></span> <span class='ocrx_word' id='word_1_34' title='bbox 1291 869 1296 876; x_wconf 39' lang='grc'><em>’</em></span> 
     </span>
     <span class='ocr_line' id='line_1_6' title="bbox 370 1012 1438 1117; baseline -0.007 -24"><span class='ocrx_word' id='word_1_35' title='bbox 370 1019 556 1117; x_wconf 85' lang='lat' dir='ltr'><strong>Explorare</strong></span> <span class='ocrx_word' id='word_1_36' title='bbox 575 1019 687 1106; x_wconf 84' lang='lat' dir='ltr'><strong>datus,</strong></span> <span class='ocrx_word' id='word_1_37' title='bbox 708 1019 905 1114; x_wconf 87' lang='lat' dir='ltr'><strong>primusque</strong></span> <span class='ocrx_word' id='word_1_38' title='bbox 924 1043 984 1113; x_wconf 91' lang='lat' dir='ltr'><strong>per</strong></span> <span class='ocrx_word' id='word_1_39' title='bbox 1003 1020 1079 1090; x_wconf 82' lang='lat' dir='ltr'><strong>avia</strong></span> <span class='ocrx_word' id='word_1_40' title='bbox 1099 1019 1208 1117; x_wconf 86' lang='lat' dir='ltr'><strong>campi</strong></span> <span class='ocrx_word' id='word_1_41' title='bbox 1437 1012 1438 1029; x_wconf 32' lang='lat' dir='ltr'><strong>l</strong></span> 
     </span>
     <span class='ocr_line' id='line_1_7' title="bbox 370 1137 1438 1240; baseline -0.005 -26"><span class='ocrx_word' id='word_1_42' title='bbox 370 1144 489 1238; x_wconf 81' lang='lat' dir='ltr'><strong>Usque</strong></span> <span class='ocrx_word' id='word_1_43' title='bbox 506 1141 644 1240; x_wconf 82' lang='lat' dir='ltr'><strong>procul,</strong></span> <span class='ocrx_word' id='word_1_44' title='bbox 664 1166 726 1220; x_wconf 86' lang='lat' dir='ltr'><strong>neo</strong></span> <span class='ocrx_word' id='word_1_45' title='bbox 743 1142 825 1213; x_wconf 88' lang='lat' dir='ltr'><strong>du&#39;m</strong></span> <span class='ocrx_word' id='word_1_46' title='bbox 844 1155 932 1212; x_wconf 80' lang='lat' dir='ltr'><strong>totos</strong></span> <span class='ocrx_word' id='word_1_47' title='bbox 949 1139 1009 1212; x_wconf 82' lang='lat' dir='ltr'><strong>lux</strong></span> <span class='ocrx_word' id='word_1_48' title='bbox 1032 1137 1175 1210; x_wconf 86' lang='lat' dir='ltr'><strong>solverat</strong></span> <span class='ocrx_word' id='word_1_49' title='bbox 1195 1140 1352 1224; x_wconf 78' lang='lat' dir='ltr'><strong>umbras,</strong></span> <span class='ocrx_word' id='word_1_50' title='bbox 1437 1216 1438 1219; x_wconf 8' lang='grc' dir='ltr'><strong>Ἴ</strong></span> 
     </span>
     <span class='ocr_line' id='line_1_8' title="bbox 370 1263 1277 1362; baseline -0.008 -23"><span class='ocrx_word' id='word_1_51' title='bbox 370 1267 492 1339; x_wconf 80' lang='lat' dir='ltr'><strong>Nescio</strong></span> <span class='ocrx_word' id='word_1_52' title='bbox 509 1264 592 1362; x_wconf 90' lang='lat' dir='ltr'><strong>quid</strong></span> <span class='ocrx_word' id='word_1_53' title='bbox 610 1265 685 1338; x_wconf 80' lang='lat' dir='ltr'><strong>uisu</strong></span> <span class='ocrx_word' id='word_1_54' title='bbox 703 1264 863 1356; x_wconf 87' lang='lat' dir='ltr'><strong>dubium,</strong></span> <span class='ocrx_word' id='word_1_55' title='bbox 880 1266 1114 1358; x_wconf 80' lang='lat' dir='ltr'><strong>incertumque</strong></span> <span class='ocrx_word' id='word_1_56' title='bbox 1128 1263 1277 1350; x_wconf 87' lang='lat' dir='ltr'><strong>moveri,</strong></span> 
     </span>
     <span class='ocr_line' id='line_1_9' title="bbox 371 1383 1327 1484; baseline -0.004 -24"><span class='ocrx_word' id='word_1_57' title='bbox 371 1391 590 1484; x_wconf 82' lang='lat' dir='ltr'><strong>Corporsque</strong></span> <span class='ocrx_word' id='word_1_58' title='bbox 607 1387 655 1460; x_wconf 87' lang='lat' dir='ltr'><strong>ire</strong></span> <span class='ocrx_word' id='word_1_59' title='bbox 671 1387 766 1466; x_wconf 82' lang='lat' dir='ltr'><strong>videt</strong></span> <span class='ocrx_word' id='word_1_60' title='bbox 784 1414 793 1458; x_wconf 80' lang='lat' dir='ltr'><strong>t</strong></span> <span class='ocrx_word' id='word_1_61' title='bbox 810 1387 944 1463; x_wconf 82' lang='lat' dir='ltr'><strong>subitus</strong></span> <span class='ocrx_word' id='word_1_62' title='bbox 962 1412 1041 1461; x_wconf 85' lang='lat' dir='ltr'><strong>mox</strong></span> <span class='ocrx_word' id='word_1_63' title='bbox 1059 1383 1177 1460; x_wconf 69' lang='lat' dir='ltr'><strong>teudo</strong></span> <span class='ocrx_word' id='word_1_64' title='bbox 1189 1401 1327 1482; x_wconf 77' lang='lat' dir='ltr'><strong>reperta</strong></span> 
     </span>
     <span class='ocr_line' id='line_1_10' title="bbox 371 1505 1407 1611; baseline -0.008 -29"><span class='ocrx_word' id='word_1_65' title='bbox 371 1508 571 1582; x_wconf 72' lang='lat' dir='ltr'><strong>Exclamat.</strong></span> <span class='ocrx_word' id='word_1_66' title='bbox 590 1510 789 1582; x_wconf 79' lang='lat' dir='ltr'><strong>«Cohibete</strong></span> <span class='ocrx_word' id='word_1_67' title='bbox 808 1508 950 1611; x_wconf 72' lang='lat' dir='ltr'><strong>gradum</strong></span> <span class='ocrx_word' id='word_1_68' title='bbox 963 1509 1185 1604; x_wconf 83' lang='lat' dir='ltr'><strong>quicunque.</strong></span> <span class='ocrx_word' id='word_1_69' title='bbox 1201 1535 1219 1574; x_wconf 78' lang='lat' dir='ltr'><strong>n</strong></span> <span class='ocrx_word' id='word_1_70' title='bbox 1235 1505 1299 1578; x_wconf 85' lang='lat' dir='ltr'><strong>sed</strong></span> <span class='ocrx_word' id='word_1_71' title='bbox 1311 1506 1407 1576; x_wconf 77' lang='lat' dir='ltr'><strong>hoste</strong></span> 
     </span>
     <span class='ocr_line' id='line_1_11' title="bbox 369 1621 1438 1728; baseline -0.007 -25"><span class='ocrx_word' id='word_1_72' title='bbox 369 1635 452 1703; x_wconf 87' lang='lat' dir='ltr'><strong>Esse</strong></span> <span class='ocrx_word' id='word_1_73' title='bbox 466 1647 578 1727; x_wconf 87' lang='lat' dir='ltr'><strong>patet·</strong></span> <span class='ocrx_word' id='word_1_74' title='bbox 597 1621 710 1710; x_wconf 70' lang='lat' dir='ltr'><strong>miseri</strong></span> <span class='ocrx_word' id='word_1_75' title='bbox 726 1645 872 1728; x_wconf 78' lang='lat' dir='ltr'><strong>pergunt</strong></span> <span class='ocrx_word' id='word_1_76' title='bbox 887 1631 1238 1723; x_wconf 56' lang='lat' dir='ltr'><strong>interemantque</strong></span> <span class='ocrx_word' id='word_1_77' title='bbox 1437 1708 1438 1711; x_wconf 8' lang='grc' dir='ltr'><strong>Ἴ</strong></span> 
     </span>
     <span class='ocr_line' id='line_1_12' title="bbox 371 1718 1438 1881; baseline -0.007 -56"><span class='ocrx_word' id='word_1_78' title='bbox 371 1755 451 1825; x_wconf 83' lang='grc' dir='ltr'>Νοι</span> <span class='ocrx_word' id='word_1_79' title='bbox 477 1754 571 1825; x_wconf 89' lang='lat' dir='ltr'><strong>sibi:</strong></span> <span class='ocrx_word' id='word_1_80' title='bbox 594 1770 677 1829; x_wconf 83' lang='lat' dir='ltr'><strong>tuno</strong></span> <span class='ocrx_word' id='word_1_81' title='bbox 698 1767 842 1826; x_wconf 91' lang='lat' dir='ltr'><strong>mortem</strong></span> <span class='ocrx_word' id='word_1_82' title='bbox 862 1751 1003 1848; x_wconf 75' lang='lat' dir='ltr'>trepidis</span> <span class='ocrx_word' id='word_1_83' title='bbox 1021 1751 1214 1839; x_wconf 80' lang='lat' dir='ltr'><strong>minitetur,</strong></span> <span class='ocrx_word' id='word_1_84' title='bbox 1235 1765 1271 1820; x_wconf 89' lang='lat' dir='ltr'><strong>et</strong></span> <span class='ocrx_word' id='word_1_85' title='bbox 1292 1718 1438 1881; x_wconf 58' lang='lat' dir='ltr'><strong>muni</strong></span> 
     </span>
     <span class='ocr_line' id='line_1_13' title="bbox 371 1873 1438 1971; baseline -0.002 -25"><span class='ocrx_word' id='word_1_86' title='bbox 371 1873 530 1971; x_wconf 81' lang='lat' dir='ltr'><strong>Expulit,</strong></span> <span class='ocrx_word' id='word_1_87' title='bbox 548 1900 587 1946; x_wconf 85' lang='lat' dir='ltr'><strong>ec</strong></span> <span class='ocrx_word' id='word_1_88' title='bbox 606 1899 709 1948; x_wconf 85' lang='lat' dir='ltr'><strong>vanos</strong></span> <span class='ocrx_word' id='word_1_89' title='bbox 728 1873 797 1948; x_wconf 80' lang='lat' dir='ltr'><strong>alte</strong></span> <span class='ocrx_word' id='word_1_90' title='bbox 814 1873 904 1946; x_wconf 83' lang='lat' dir='ltr'><strong>levat</strong></span> <span class='ocrx_word' id='word_1_91' title='bbox 922 1877 1053 1948; x_wconf 83' lang='lat' dir='ltr'><strong>eminus</strong></span> <span class='ocrx_word' id='word_1_92' title='bbox 1073 1875 1177 1964; x_wconf 88' lang='lat' dir='ltr'><strong>ictus,</strong></span> <span class='ocrx_word' id='word_1_93' title='bbox 1437 1890 1438 1897; x_wconf 77' lang='grc'>’</span> 
     </span>
     <span class='ocr_line' id='line_1_14' title="bbox 370 1995 1438 2091; baseline 0.005 -23"><span class='ocrx_word' id='word_1_94' title='bbox 370 1995 542 2068; x_wconf 79' lang='lat' dir='ltr'><strong>Affeetans</strong></span> <span class='ocrx_word' id='word_1_95' title='bbox 555 2022 669 2068; x_wconf 77' lang='lat' dir='ltr'><strong>errare</strong></span> <span class='ocrx_word' id='word_1_96' title='bbox 681 2023 830 2070; x_wconf 81' lang='lat' dir='ltr'><strong>munus:</strong></span> <span class='ocrx_word' id='word_1_97' title='bbox 847 1998 940 2070; x_wconf 82' lang='lat' dir='ltr'><strong>stetu</strong></span> <span class='ocrx_word' id='word_1_98' title='bbox 953 1995 1010 2069; x_wconf 79' lang='lat' dir='ltr'><strong>illa</strong></span> <span class='ocrx_word' id='word_1_99' title='bbox 1024 1996 1201 2091; x_wconf 74' lang='lat' dir='ltr'><strong>Dymantis</strong></span> <span class='ocrx_word' id='word_1_100' title='bbox 1437 2068 1438 2087; x_wconf 37' lang='lat'><em>2</em></span> 
     </span>
     <span class='ocr_line' id='line_1_15' title="bbox 369 2115 1347 2215; baseline -0.004 -27"><span class='ocrx_word' id='word_1_101' title='bbox 369 2121 458 2188; x_wconf 81' lang='lat' dir='ltr'><strong>Ante</strong></span> <span class='ocrx_word' id='word_1_102' title='bbox 478 2115 690 2214; x_wconf 77' lang='lat' dir='ltr'><strong>oeulos,qu1</strong></span> <span class='ocrx_word' id='word_1_103' title='bbox 680 2117 798 2190; x_wconf 82' lang='lat' dir='ltr'><strong>lorte</strong></span> <span class='ocrx_word' id='word_1_104' title='bbox 816 2120 925 2215; x_wconf 88' lang='lat' dir='ltr'><strong>prior,</strong></span> <span class='ocrx_word' id='word_1_105' title='bbox 943 2141 1162 2214; x_wconf 67' lang='lat' dir='ltr'><strong>gressumque</strong></span> <span class='ocrx_word' id='word_1_106' title='bbox 1177 2118 1347 2212; x_wconf 73' lang='lat' dir='ltr'><strong>repressit.</strong></span> 
     </span>
     <span class='ocr_line' id='line_1_16' title="bbox 369 2237 1190 2336; baseline -0.001 -26"><span class='ocrx_word' id='word_1_107' title='bbox 369 2243 415 2310; x_wconf 80' lang='lat' dir='ltr'><strong>At</strong></span> <span class='ocrx_word' id='word_1_108' title='bbox 434 2264 502 2309; x_wconf 92' lang='lat' dir='ltr'><strong>non</strong></span> <span class='ocrx_word' id='word_1_109' title='bbox 519 2243 755 2336; x_wconf 84' lang='lat' dir='ltr'><strong>magnanimus</strong></span> <span class='ocrx_word' id='word_1_110' title='bbox 773 2243 905 2315; x_wconf 86' lang='lat' dir='ltr'><strong>curavit</strong></span> <span class='ocrx_word' id='word_1_111' title='bbox 924 2237 1066 2336; x_wconf 84' lang='lat' dir='ltr'><strong>perdere</strong></span> <span class='ocrx_word' id='word_1_112' title='bbox 1078 2241 1190 2335; x_wconf 84' lang='lat' dir='ltr'><strong>jactus</strong></span> 
     </span>
     <span class='ocr_line' id='line_1_17' title="bbox 370 2359 1212 2458; baseline -0.004 -26"><span class='ocrx_word' id='word_1_113' title='bbox 370 2364 529 2457; x_wconf 86' lang='lat' dir='ltr'><strong>AEpytus,</strong></span> <span class='ocrx_word' id='word_1_114' title='bbox 545 2373 580 2436; x_wconf 90' lang='lat' dir='ltr'><strong>et</strong></span> <span class='ocrx_word' id='word_1_115' title='bbox 601 2362 669 2436; x_wconf 82' lang='lat' dir='ltr'><strong>fixo</strong></span> <span class='ocrx_word' id='word_1_116' title='bbox 685 2363 937 2443; x_wconf 83' lang='lat' dir='ltr'><strong>transverberat</strong></span> <span class='ocrx_word' id='word_1_117' title='bbox 952 2359 1082 2458; x_wconf 82' lang='lat' dir='ltr'><strong>Hoplea</strong></span> <span class='ocrx_word' id='word_1_118' title='bbox 1098 2375 1212 2456; x_wconf 83' lang='lat' dir='ltr'><strong>tergo,</strong></span> 
     </span>
     <span class='ocr_line' id='line_1_18' title="bbox 369 2476 1305 2583; baseline 0.001 -28"><span class='ocrx_word' id='word_1_119' title='bbox 369 2484 623 2581; x_wconf 87' lang='lat' dir='ltr'><strong>Pendentesque</strong></span> <span class='ocrx_word' id='word_1_120' title='bbox 640 2488 741 2560; x_wconf 85' lang='lat' dir='ltr'><strong>etiam</strong></span> <span class='ocrx_word' id='word_1_121' title='bbox 760 2476 957 2583; x_wconf 82' lang='lat' dir='ltr'><strong>perstrinxit</strong></span> <span class='ocrx_word' id='word_1_122' title='bbox 975 2484 1108 2580; x_wconf 83' lang='lat' dir='ltr'><strong>Tydeos</strong></span> <span class='ocrx_word' id='word_1_123' title='bbox 1127 2508 1250 2559; x_wconf 85' lang='lat' dir='ltr'><strong>armos.</strong></span> <span class='ocrx_word' id='word_1_124' title='bbox 1303 2567 1305 2569; x_wconf 43' lang='grc'><strong>,</strong></span> 
     </span>
     <span class='ocr_line' id='line_1_19' title="bbox 369 2603 1348 2705; baseline 0 -28"><span class='ocrx_word' id='word_1_125' title='bbox 369 2608 531 2699; x_wconf 77' lang='lat' dir='ltr'><strong>Labitur,</strong></span> <span class='ocrx_word' id='word_1_126' title='bbox 546 2609 673 2705; x_wconf 81' lang='lat' dir='ltr'><strong>egregii</strong></span> <span class='ocrx_word' id='word_1_127' title='bbox 688 2608 841 2684; x_wconf 84' lang='lat' dir='ltr'><strong>noudum</strong></span> <span class='ocrx_word' id='word_1_128' title='bbox 858 2608 953 2682; x_wconf 86' lang='lat' dir='ltr'><strong>duois</strong></span> <span class='ocrx_word' id='word_1_129' title='bbox 969 2608 1162 2698; x_wconf 88' lang='lat' dir='ltr'><strong>immemor,</strong></span> <span class='ocrx_word' id='word_1_130' title='bbox 1179 2603 1348 2700; x_wconf 77' lang='lat' dir='ltr'><strong>Hopleus,</strong></span> 
     </span>
     <span class='ocr_line' id='line_1_20' title="bbox 370 2728 1257 2825; baseline -0.008 -21"><span class='ocrx_word' id='word_1_131' title='bbox 370 2731 593 2825; x_wconf 79' lang='lat' dir='ltr'><strong>Exspirrtque</strong></span> <span class='ocrx_word' id='word_1_132' title='bbox 612 2744 730 2806; x_wconf 85' lang='lat' dir='ltr'><strong>tenens</strong></span> <span class='ocrx_word' id='word_1_133' title='bbox 751 2758 759 2800; x_wconf 75' lang='grc' dir='ltr'><strong><em>ε</em></strong></span> <span class='ocrx_word' id='word_1_134' title='bbox 778 2730 874 2819; x_wconf 80' lang='lat' dir='ltr'><strong>felix,</strong></span> <span class='ocrx_word' id='word_1_135' title='bbox 894 2732 923 2810; x_wconf 86' lang='lat' dir='ltr'><strong>si</strong></span> <span class='ocrx_word' id='word_1_136' title='bbox 942 2755 1066 2825; x_wconf 84' lang='lat' dir='ltr'><strong>eorpus</strong></span> <span class='ocrx_word' id='word_1_137' title='bbox 1084 2728 1257 2802; x_wconf 77' lang='lat' dir='ltr'><strong>edentum</strong></span> 
     </span>
     <span class='ocr_line' id='line_1_21' title="bbox 370 2851 1207 2940; baseline 0 -20"><span class='ocrx_word' id='word_1_138' title='bbox 370 2852 522 2939; x_wconf 85' lang='lat' dir='ltr'><strong>Nesciat,</strong></span> <span class='ocrx_word' id='word_1_139' title='bbox 539 2877 578 2923; x_wconf 91' lang='lat' dir='ltr'><strong>ac</strong></span> <span class='ocrx_word' id='word_1_140' title='bbox 595 2877 697 2929; x_wconf 74' lang='lat' dir='ltr'><strong>serus</strong></span> <span class='ocrx_word' id='word_1_141' title='bbox 715 2852 792 2925; x_wconf 81' lang='lat' dir='ltr'><strong>telis</strong></span> <span class='ocrx_word' id='word_1_142' title='bbox 808 2852 986 2940; x_wconf 72' lang='lat' dir='ltr'><strong>descendat</strong></span> <span class='ocrx_word' id='word_1_143' title='bbox 1001 2851 1046 2929; x_wconf 84' lang='lat' dir='ltr'><strong>ad</strong></span> <span class='ocrx_word' id='word_1_144' title='bbox 1060 2851 1207 2927; x_wconf 75' lang='lat' dir='ltr'><strong>umbras.</strong></span> 
     </span>
     <span class='ocr_line' id='line_1_22' title="bbox 417 2973 1291 3069; baseline -0.003 -25"><span class='ocrx_word' id='word_1_145' title='bbox 417 2973 558 3046; x_wconf 83' lang='lat' dir='ltr'><strong>Viderat</strong></span> <span class='ocrx_word' id='word_1_146' title='bbox 575 2974 641 3045; x_wconf 82' lang='lat' dir='ltr'><strong>ltoc</strong></span> <span class='ocrx_word' id='word_1_147' title='bbox 659 2988 752 3047; x_wconf 85' lang='lat' dir='ltr'><strong>retro</strong></span> <span class='ocrx_word' id='word_1_148' title='bbox 770 2999 969 3063; x_wconf 81' lang='lat' dir='ltr'><strong>conversus,</strong></span> <span class='ocrx_word' id='word_1_149' title='bbox 985 2989 1018 3043; x_wconf 90' lang='lat' dir='ltr'><strong>et</strong></span> <span class='ocrx_word' id='word_1_150' title='bbox 1037 2976 1174 3069; x_wconf 84' lang='lat' dir='ltr'><strong>agmine</strong></span> <span class='ocrx_word' id='word_1_151' title='bbox 1189 2974 1291 3043; x_wconf 86' lang='lat' dir='ltr'><strong>sentit</strong></span> 
     </span>
     <span class='ocr_line' id='line_1_23' title="bbox 368 3073 1438 3191; baseline 0 -27"><span class='ocrx_word' id='word_1_152' title='bbox 368 3098 490 3165; x_wconf 77' lang='lat' dir='ltr'><strong>iuncta</strong></span> <span class='ocrx_word' id='word_1_153' title='bbox 504 3098 648 3191; x_wconf 82' lang='lat' dir='ltr'><strong>Dymas,</strong></span> <span class='ocrx_word' id='word_1_154' title='bbox 664 3095 786 3167; x_wconf 87' lang='lat' dir='ltr'><strong>dubius</strong></span> <span class='ocrx_word' id='word_1_155' title='bbox 802 3096 1002 3191; x_wconf 78' lang='lat' dir='ltr'><strong>precibusne</strong></span> <span class='ocrx_word' id='word_1_156' title='bbox 1019 3096 1165 3182; x_wconf 91' lang='lat' dir='ltr'><strong>subiret,</strong></span> <span class='ocrx_word' id='word_1_157' title='bbox 1180 3120 1225 3164; x_wconf 90' lang='lat' dir='ltr'><strong>an</strong></span> <span class='ocrx_word' id='word_1_158' title='bbox 1243 3092 1342 3165; x_wconf 83' lang='lat' dir='ltr'><strong>armis</strong></span> <span class='ocrx_word' id='word_1_159' title='bbox 1437 3073 1438 3164; x_wconf 68' lang='lat' dir='ltr'><strong>l</strong></span> 
     </span>
     <span class='ocr_line' id='line_1_24' title="bbox 369 3181 1438 3312; baseline 0.001 -29"><span class='ocrx_word' id='word_1_160' title='bbox 369 3219 535 3289; x_wconf 89' lang='lat' dir='ltr'><strong>Instantes</strong></span> <span class='ocrx_word' id='word_1_161' title='bbox 551 3244 560 3287; x_wconf 83' lang='lat' dir='ltr'><strong>t</strong></span> <span class='ocrx_word' id='word_1_162' title='bbox 583 3242 677 3292; x_wconf 78' lang='lat' dir='ltr'><strong>erma</strong></span> <span class='ocrx_word' id='word_1_163' title='bbox 692 3218 744 3289; x_wconf 89' lang='lat' dir='ltr'><strong>ira</strong></span> <span class='ocrx_word' id='word_1_164' title='bbox 757 3191 874 3307; x_wconf 78' lang='lat' dir='ltr'><strong>dubat3</strong></span> <span class='ocrx_word' id='word_1_165' title='bbox 889 3218 1028 3290; x_wconf 77' lang='lat' dir='ltr'><strong>fortune</strong></span> <span class='ocrx_word' id='word_1_166' title='bbox 1042 3217 1190 3312; x_wconf 80' lang='lat' dir='ltr'><strong>precari,</strong></span> <span class='ocrx_word' id='word_1_167' title='bbox 1437 3181 1438 3268; x_wconf 78' lang='lat' dir='ltr'><strong>l</strong></span> 
     </span>
     <span class='ocr_line' id='line_1_25' title="bbox 369 3338 1287 3435; baseline 0.002 -29"><span class='ocrx_word' id='word_1_168' title='bbox 369 3338 449 3407; x_wconf 91' lang='lat' dir='ltr'><strong>Non</strong></span> <span class='ocrx_word' id='word_1_169' title='bbox 468 3338 591 3419; x_wconf 84' lang='lat' dir='ltr'><strong>audere</strong></span> <span class='ocrx_word' id='word_1_170' title='bbox 605 3339 702 3434; x_wconf 84' lang='lat' dir='ltr'><strong>jubet</strong></span> <span class='ocrx_word' id='word_1_171' title='bbox 718 3366 730 3417; x_wconf 78' lang='grc' dir='ltr'>ι</span> <span class='ocrx_word' id='word_1_172' title='bbox 749 3341 861 3412; x_wconf 85' lang='lat' dir='ltr'><strong>neutri</strong></span> <span class='ocrx_word' id='word_1_173' title='bbox 878 3338 1001 3409; x_wconf 85' lang='lat' dir='ltr'><strong>fiducia</strong></span> <span class='ocrx_word' id='word_1_174' title='bbox 1024 3355 1146 3435; x_wconf 86' lang='lat' dir='ltr'><strong>coepto.</strong></span> <span class='ocrx_word' id='word_1_175' title='bbox 1282 3350 1287 3359; x_wconf 88' lang='lat'>&#39;</span> 
     </span>
     <span class='ocr_line' id='line_1_26' title="bbox 321 3459 1185 3557; baseline 0.003 -29"><span class='ocrx_word' id='word_1_176' title='bbox 321 3488 323 3491; x_wconf 93' lang='lat'>·</span> <span class='ocrx_word' id='word_1_177' title='bbox 370 3459 511 3529; x_wconf 88' lang='lat' dir='ltr'><strong>Distulit</strong></span> <span class='ocrx_word' id='word_1_178' title='bbox 526 3460 576 3539; x_wconf 84' lang='lat' dir='ltr'><strong>ira</strong></span> <span class='ocrx_word' id='word_1_179' title='bbox 593 3486 708 3556; x_wconf 74' lang='lat' dir='ltr'><strong>preoes</strong></span> <span class='ocrx_word' id='word_1_180' title='bbox 728 3463 848 3557; x_wconf 87' lang='lat' dir='ltr'><strong>:ponit</strong></span> <span class='ocrx_word' id='word_1_181' title='bbox 863 3459 1052 3536; x_wconf 83' lang='lat' dir='ltr'><strong>miserabile</strong></span> <span class='ocrx_word' id='word_1_182' title='bbox 1064 3486 1185 3556; x_wconf 90' lang='lat' dir='ltr'><strong>corpus</strong></span> 
     </span>
     <span class='ocr_line' id='line_1_27' title="bbox 368 3582 1438 3679; baseline -0.002 -27"><span class='ocrx_word' id='word_1_183' title='bbox 368 3584 456 3652; x_wconf 78' lang='lat' dir='ltr'><strong>Ante</strong></span> <span class='ocrx_word' id='word_1_184' title='bbox 474 3582 574 3677; x_wconf 84' lang='lat' dir='ltr'><strong>pedes</strong></span> <span class='ocrx_word' id='word_1_185' title='bbox 593 3610 602 3655; x_wconf 84' lang='lat' dir='ltr'><strong>t</strong></span> <span class='ocrx_word' id='word_1_186' title='bbox 622 3598 783 3679; x_wconf 83' lang='lat' dir='ltr'><strong>tergoque</strong></span> <span class='ocrx_word' id='word_1_187' title='bbox 801 3608 920 3679; x_wconf 80' lang='lat' dir='ltr'><strong>graves</strong></span> <span class='ocrx_word' id='word_1_188' title='bbox 944 3609 1028 3679; x_wconf 91' lang='lat' dir='ltr'><strong>quas</strong></span> <span class='ocrx_word' id='word_1_189' title='bbox 1052 3582 1140 3655; x_wconf 84' lang='lat' dir='ltr'><strong>sorte</strong></span> <span class='ocrx_word' id='word_1_190' title='bbox 1157 3582 1290 3678; x_wconf 79' lang='lat' dir='ltr'><strong>gerebat</strong></span> <span class='ocrx_word' id='word_1_191' title='bbox 1437 3601 1438 3610; x_wconf 57' lang='lat'>¹</span> 
     </span>
     <span class='ocr_line' id='line_1_28' title="bbox 231 3703 1214 3799; baseline 0.003 -28"><span class='ocrx_word' id='word_1_192' title='bbox 231 3725 233 3730; x_wconf 92' lang='grc'><strong><em>·</em></strong></span> <span class='ocrx_word' id='word_1_193' title='bbox 369 3703 516 3799; x_wconf 87' lang='lat' dir='ltr'><strong>Tigridis</strong></span> <span class='ocrx_word' id='word_1_194' title='bbox 532 3706 669 3779; x_wconf 78' lang='lat' dir='ltr'><strong>exuvies</strong></span> <span class='ocrx_word' id='word_1_195' title='bbox 686 3707 722 3779; x_wconf 88' lang='lat' dir='ltr'><strong>iu</strong></span> <span class='ocrx_word' id='word_1_196' title='bbox 743 3704 862 3779; x_wconf 63' lang='lat' dir='ltr'><strong>buum</strong></span> <span class='ocrx_word' id='word_1_197' title='bbox 880 3719 1033 3799; x_wconf 87' lang='lat' dir='ltr'><strong>torquet,</strong></span> <span class='ocrx_word' id='word_1_198' title='bbox 1051 3720 1086 3776; x_wconf 90' lang='lat' dir='ltr'><strong>et</strong></span> <span class='ocrx_word' id='word_1_199' title='bbox 1099 3705 1214 3775; x_wconf 87' lang='lat' dir='ltr'><strong>obstat</strong></span> 
     </span>
     <span class='ocr_line' id='line_1_29' title="bbox 368 3824 1278 3923; baseline -0.001 -28"><span class='ocrx_word' id='word_1_200' title='bbox 368 3828 546 3896; x_wconf 86' lang='lat' dir='ltr'><strong>Exsertum</strong></span> <span class='ocrx_word' id='word_1_201' title='bbox 562 3828 734 3923; x_wconf 80' lang='lat' dir='ltr'><strong>objectans</strong></span> <span class='ocrx_word' id='word_1_202' title='bbox 747 3827 1075 3921; x_wconf 82' lang='lat' dir='ltr'><strong>mucronem,inque</strong></span> <span class='ocrx_word' id='word_1_203' title='bbox 1088 3828 1202 3896; x_wconf 88' lang='lat' dir='ltr'><strong>omnia</strong></span> <span class='ocrx_word' id='word_1_204' title='bbox 1215 3824 1278 3895; x_wconf 87' lang='lat' dir='ltr'><strong>tela</strong></span> 
     </span>
     <span class='ocr_line' id='line_1_30' title="bbox 249 3948 1438 4045; baseline -0.002 -29"><span class='ocrx_word' id='word_1_205' title='bbox 249 4026 250 4029; x_wconf 8' lang='grc' dir='ltr'><strong>Ἴ</strong></span> <span class='ocrx_word' id='word_1_206' title='bbox 369 3948 510 4037; x_wconf 85' lang='lat' dir='ltr'><strong>Versus,</strong></span> <span class='ocrx_word' id='word_1_207' title='bbox 528 3962 562 4019; x_wconf 89' lang='lat' dir='ltr'><strong>et</strong></span> <span class='ocrx_word' id='word_1_208' title='bbox 580 3949 623 4020; x_wconf 90' lang='lat' dir='ltr'><strong>ad</strong></span> <span class='ocrx_word' id='word_1_209' title='bbox 640 3948 765 4023; x_wconf 82' lang='lat' dir='ltr'><strong>caedem</strong></span> <span class='ocrx_word' id='word_1_210' title='bbox 781 3952 893 4045; x_wconf 83' lang='lat' dir='ltr'><strong>juxta,</strong></span> <span class='ocrx_word' id='word_1_211' title='bbox 912 3963 1120 4043; x_wconf 86' lang='lat' dir='ltr'><strong>mortemque</strong></span> <span class='ocrx_word' id='word_1_212' title='bbox 1137 3962 1269 4043; x_wconf 82' lang='lat' dir='ltr'><strong>paratus</strong></span> <span class='ocrx_word' id='word_1_213' title='bbox 1287 3972 1295 4013; x_wconf 74' lang='grc' dir='ltr'>ι</span> <span class='ocrx_word' id='word_1_214' title='bbox 1437 3983 1438 3990; x_wconf 25' lang='grc' dir='ltr'>ι</span> 
     </span>
     <span class='ocr_line' id='line_1_31' title="bbox 370 4068 1137 4166; baseline -0.003 -27"><span class='ocrx_word' id='word_1_215' title='bbox 370 4072 417 4139; x_wconf 91' lang='lat' dir='ltr'><strong>Ut</strong></span> <span class='ocrx_word' id='word_1_216' title='bbox 432 4069 503 4158; x_wconf 89' lang='lat' dir='ltr'><strong>lea,</strong></span> <span class='ocrx_word' id='word_1_217' title='bbox 521 4096 622 4165; x_wconf 91' lang='lat' dir='ltr'><strong>quam</strong></span> <span class='ocrx_word' id='word_1_218' title='bbox 639 4097 724 4143; x_wconf 84' lang='lat' dir='ltr'><strong>saevo</strong></span> <span class='ocrx_word' id='word_1_219' title='bbox 742 4072 854 4143; x_wconf 82' lang='lat' dir='ltr'><strong>suetam</strong></span> <span class='ocrx_word' id='word_1_220' title='bbox 872 4095 1021 4166; x_wconf 88' lang='lat' dir='ltr'><strong>pressere</strong></span> <span class='ocrx_word' id='word_1_221' title='bbox 1036 4068 1137 4139; x_wconf 92' lang='lat' dir='ltr'><strong>cubili</strong></span> 
     </span>
    </p>
   </div>
   <div class='ocr_carea' id='block_1_3' title="bbox 0 0 1473 4950">
    <p class='ocr_par' dir='ltr' id='par_1_3' title="bbox 0 0 1473 4950">
     <span class='ocr_line' id='line_1_32' title="bbox 0 0 1473 4950; baseline 0 0"><span class='ocrx_word' id='word_1_222' title='bbox 0 0 1473 4950; x_wconf 95' lang='lat' dir='ltr'><strong> </strong></span> 
     </span>
    </p>
   </div>
  </div>
 </body>
</html>
