2934 4950
351 323 407 378 336
555 327 556 330 ’
725 318 1021 375 ADNOTATIONES

298 425 301 430 ¹
349 445 424 513 Lege
438 435 633 502 cumBarthio
654 453 688 492 ex
698 437 753 491 ΜΒ
768 457 775 490 :
791 460 803 485 e
818 437 908 490 Hoene
923 437 985 490 illoe
1006 435 1108 508 Amph.
1123 454 1190 504 a.,»
1205 433 1317 511 quibus
1329 439 1392 512 glos·

351 541 427 588 sator
444 529 547 604 aliquis
565 547 650 602 supra
664 529 814 602 scripserat
829 549 836 582 :
854 540 934 583 «tam
948 528 1077 584 humiles.
1088 551 1101 576 ν

390 625 442 692 Et,
452 624 569 679 mentitu
579 623 627 678 diu
645 621 681 697 (v.
693 621 772 697 875).
782 624 852 677 MB:
868 647 881 672 ι
893 623 934 676 Hi
944 621 1063 677 mentita
1075 623 1175 690 diem
1188 623 1271 678 uude
1284 625 1392 681 Bitu:

351 743 365 770 α
377 719 417 773 lli
427 717 546 772 mentita
559 717 643 783 deos,
659 740 671 766 n
686 715 768 790 quod
782 726 858 771 certe
871 715 1069 772 necessarium.

389 813 430 866 Et
447 812 583 885 quidnam
598 810 743 885 egmginm
756 807 795 885 (v.
806 807 885 886 876).
906 811 982 883 Lege
998 827 1035 865 ex
1050 809 1127 882 conj.
1143 808 1267 866 Bentleii
1286 811 1327 867 ad
1343 813 1393 866 Hc
1452 842 1453 863 r

349 914 418 972 rat,
437 905 506 972 od,
521 921 577 972 111,
594 903 629 972 3,
647 901 699 970 65,
718 913 747 957 et
771 902 846 966 Sat,
870 899 953 972 11,3,
975 901 1051 958 233:
1067 903 1127 958 «Et
1148 902 1221 976 qnid
1237 913 1301 958 tarn
1322 922 1392 979 egra

348 998 403 1052 ΜΒ
422 1017 428 1051 :
449 997 508 1051 «Et
521 997 591 1070 quid
606 997 681 1050 enim
698 1012 758 1069 egr.
769 1017 782 1044 n

389 1091 519 1145 Destruit
538 1087 577 1167 (v.
600 1085 680 1166 879).
699 1089 754 1144 ΜΒ
770 1107 777 1142 :
794 1087 913 1152 Demit,
928 1087 996 1143 lort.
1016 1107 1093 1144 vere.
1112 1091 1156 1145 De
1167 1090 1305 1161 pontibus
1322 1092 1392 1167 glos

349 1192 426 1240 sator
441 1203 447 1239 :
463 1186 577 1239 «Arcus
595 1201 745 1237 murorum
759 1180 829 1236 dicit
844 1200 850 1234 :
865 1181 1056 1238 concamerati
1069 1183 1143 1238 enim
1157 1195 1239 1254 sunt,
1256 1195 1293 1238 ut
1309 1187 1393 1240 solent

349 1273 411 1330 fieri
433 1275 474 1331 illi
497 1275 603 1352 quibus
619 1285 722 1348 pontes
743 1274 968 1349 imponuntur.·
991 1276 1086 1330 Frena
1106 1287 1202 1332 autern
1226 1297 1393 1354 «compages

350 1368 572 1442 quadratorum,
590 1388 653 1442 quse
667 1367 869 1443 constringunt
889 1379 918 1423 et
936 1368 1085 1425 continent
1101 1369 1332 1427 edificationem.
1348 1397 1361 1420 ι

1245 1467 1339 1522 Lucr.

388 1556 552 1609 Inter-vante
575 1572 693 1609 noverca
713 1551 751 1631 (v.
773 1551 851 1627 886).
877 1577 889 1603 a
905 1554 1089 1611 Custodiente
1111 1558 1245 1629 lunone,
1266 1558 1395 1632 nequid

348 1666 404 1723 pro
418 1645 524 1703 Thebis
545 1645 653 1703 diceret
673 1647 791 1702 Liber.»
814 1647 902 1702 Lacr.
920 1649 1048 1704 Gronov.
1074 1651 1271 1707 :nTrucibus
1292 1663 1323 1707 et
1341 1653 1394 1707 sol-

348 1741 432 1797 licitis
447 1759 513 1796 eum
527 1739 617 1796 oculis
633 1739 790 1795 denotante
803 1751 831 1793 et
845 1738 1030 1812 aspiciente.»
1048 1742 1138 1810 Quod
1153 1743 1260 1798 eodem
1273 1744 1393 1819 denique
1409 1793 1414 1802 .

347 1834 431 1891 redit.
451 1833 560 1890 Barthii
580 1851 679 1889 omnes
700 1843 728 1889 et
749 1832 818 1888 alii:
839 1832 1012 1904 infestante,·
1033 1854 1060 1889 v.
1079 1837 1098 1890 l.
1120 1835 1151 1891 in
1169 1836 1275 1892 Beliot.
1303 1839 1393 1892 1:1'n-

347 1939 497 2002 spectante.
518 1927 600 2001 Regii
614 1926 733 1981 fortusse
749 1936 876 1982 nostrum
890 1938 1058 2001 agnoscunt.

389 2023 495 2075 Auctor
507 2021 610 2094 Apollo
624 2015 663 2095 (v.
683 2014 762 2095 889).
778 2019 875 2087 «Quia
889 2018 1031 2092 Apollinis
1045 2021 1193 2075 oraculum
1206 2021 1339 2077 Cadmus
1353 2041 1391 2077 se-

349 2123 432 2168 cutus
455 2109 605 2168 aedificavit
626 2111 749 2166 Thebas.
762 2135 778 2162 n
799 2113 888 2166 Lscr.
916 2143 956 2154 —
976 2112 1056 2167 idem
1077 2113 1199 2186 explicat
1222 2133 1279 2170 cur
1296 2116 1393 2169 dubitet

346 2205 500 2275 Hercules,
518 2215 550 2259 ut
577 2203 614 2260 ab
633 2204 730 2280 argiva
754 2203 878 2279 origine,
901 2216 1024 2278 propter
1039 2189 1194 2276 ¹Perseum,
1214 2216 1247 2262 et
1267 2207 1389 2263 'I'hebani

348 2298 480 2354 Creontis
494 2298 533 2353 cb
547 2299 694 2374 Megaram
707 2316 827 2353 uxorem
842 2316 938 2372 gener.

392 2392 549 2448 Thalamos
572 2393 738 2448 exscindere
760 2391 863 2447 Cadmi
880 2392 922 2466 (v.
939 2387 1019 2470 906).
1034 2391 1081 2447 Sic
1102 2391 1211 2447 editum
1237 2411 1275 2448 ex
1297 2395 1351 2448 ΜΒ
1368 2403 1391 2446 et

328 2485 461 2559 paucis,
475 2496 509 2540 ut
526 2484 651 2555 videtur,
666 2484 735 2540 aliis.
752 2486 867 2542 Ceteri:
884 2498 984 2539 turres.

392 2579 449 2633 Nec
458 2577 525 2649 jam
545 2574 584 2655 (v.
602 2576 681 2653 912).
698 2578 785 2633 Deest
804 2578 832 2632 h.
848 2597 874 2632 v.
893 2577 924 2632 in
938 2579 993 2633 ΜΒ
1009 2588 1037 2633 et
1051 2578 1107 2633 alio
1121 2578 1240 2633 Barthii.

385 2671 479 2727 Dubio
500 2689 559 2745 pm
569 2668 696 2745 fulmine
708 2672 839 2745 pendent
851 2675 889 2747 (v.
910 2671 990 2749 9²⁰)·
1014 2672 1245 2745 «Desperatione
1271 2671 1387 2727 fulminis
1452 2663 1453 2700 t

347 2762 461 2819 solliciti
475 2774 556 2835 sunt,
573 2762 604 2818 id
619 2774 673 2833 est,
692 2763 793 2819 timent
812 2782 849 2819 ne
865 2783 925 2819 non
944 2766 1038 2821 valeat
1054 2764 1163 2819 fulmen
1177 2762 1324 2837 perimere
1338 2766 1386 2820 01-

347 2876 480 2935 paneum.
489 2879 504 2907 n
518 2858 604 2911 Lscr.
615 2857 684 2926 ΜΒ,
699 2858 767 2911 PR:
779 2858 899 2930 pallent.

310 2948 314 2955 ’
388 2952 471 3005 Intra
482 2969 541 3005 se...
557 2959 660 3005 tractat
677 2944 717 3025 (v.
738 2947 895 3026 932·934).
912 2950 1025 3005 Absunt
1043 2949 1074 3004 hi
1088 2968 1183 3006 versus
1204 2950 1243 3006 ab
1263 2950 1389 3005 omnibns

345 3026 506 3103 'sarthiano
520 3054 549 3099 et
565 3042 695 3117 plurimis
708 3042 845 3113 aliorum,
859 3053 894 3131 ut
906 3045 1016 3118 quique
1032 3044 1210 3100 vetustiores.
1220 3045 1317 3117 lnepti
1330 3053 1388 3099 sunt
1452 3101 1453 3110 ¹

349 3148 377 3194 et
393 3138 438 3193 vel
460 3135 544 3193 statii
564 3134 747 3206 inventione,
764 3154 836 3209 saepe
855 3154 955 3191 eorum
978 3156 1041 3210 quae
1065 3136 1114 3191 vix
1133 3136 1271 3211 cogitari,
1289 3135 1387 3191 nedum
1452 3113 1453 3134 ¹

347 3230 410 3287 fieri
427 3239 562 3304 possunt,
575 3228 781 3303 procreatrice,
795 3228 915 3304 indigni.

369 3324 518 3380 'Anhelat
532 3322 569 3397 (v.
588 3319 666 3398 935).
689 3322 761 3377 Cod.
777 3320 933 3378 Lindenbr.
949 3333 977 3378 et
990 3326 1061 3398 Reg.
1081 3342 1119 3377 1·:
1133 3322 1270 3377 nellroesit.

389 3420 506 3471 Fulmen
519 3417 655 3471 meruisse
669 3415 821 3470 secundnm
835 3412 873 3493 (v.
897 3413 977 3493 939).
991 3416 1046 3469 ΜΒ
1069 3425 1098 3471 et
1111 3417 1184 3471 alius
1198 3415 1309 3483 Barth„
1329 3431 1385 3468 cun

347 3512 418 3586 lieg.
438 3529 448 3563 1
467 3502 534 3563 :it
553 3527 669 3584 sperare
683 3526 738 3564 sec.
754 3531 769 3557 ι
796 3566 799 3573 ,

729 3696 770 3751 ΙΝ
790 3697 937 3753 LIBRUM
958 3696 1009 3752 XI.

343 3854 346 3867 ⁵
390 3872 519 3942 Necjnm
532 3872 626 3927 nostes
644 3886 743 3928 tnnnoe
758 3869 797 3949 (v.
818 3869 875 3947 nn).
890 3871 937 3927 Sic
955 3872 1019 3939 PR,
1039 3880 1112 3925 noto
1127 3866 1268 3943 loquendi
1280 3882 1383 3941 genet·

349 3966 445 4022 Plures
465 3964 512 4020 alii
530 3964 611 4036 libri,
626 3964 701 4021 inter
715 3982 788 4039 quos
807 3962 910 4039 optimi
925 3984 932 4017 :
947 3963 1032 4020 «Nec
1044 3962 1102 4035 jam
1120 3962 1239 4018 tontes
1253 3971 1382 4026 ruunt,¹
