2934 4950
79 383 135 431 ,m
404 375 596 432 suvsnuu
616 377 726 448 amun
747 379 785 434 11.

76 500 201 590 Qoeque
222 498 314 568 ferit
329 523 450 568 curvos
465 513 578 570 exerta
594 499 739 596 Megalia
757 501 888 574 fluctus.

71 619 196 712 lugitur
217 632 259 686 et
281 617 422 687 domino
436 621 749 690 coutraOrecubaute
767 620 884 714 procul
901 625 959 717 qui

68 739 257 806 Surrentina
283 753 362 807 tuus
377 752 505 833 spectat
524 731 680 844 pr⁴ria
698 741 833 810 Limon.

65 865 136 925 Ante
151 872 284 928 tamen
305 875 443 929 cunctas
458 858 575 956 procul
592 861 717 930 eminet
732 886 801 930 uua
821 862 934 934 diaetas

63 979 131 1065 Qua
150 979 218 1046 tibi
235 981 484 1074 Parthenopen
499 979 626 1050 directo
646 979 751 1049 limite
767 984 863 1076 ponti

62 1100 184 1192 Ingerit.
207 1101 287 1170 Hic
305 1101 417 1170 Graiis
432 1101 566 1194 penitus
585 1099 715 1170 desecta
735 1099 877 1170 metallis

61 1220 131 1285 Sara
146 1246 155 1286 :
173 1219 284 1312 quod
299 1224 377 1290 Eoae
393 1221 555 1316 respergit
569 1245 655 1289 vena
669 1223 792 1315 Syenes
807 1246 816 1288 ε

62 1338 206 1429 Synnade
225 1338 328 1434 quod
344 1353 460 1408 moesta
476 1341 627 1436 Phrygiae
643 1340 757 1410 sodere
772 1365 904 1410 secures

61 1460 112 1525 Per
124 1458 283 1554 Cybeles
297 1458 444 1553 lugentis
464 1485 576 1556 agros,
591 1460 650 1529 ubi
666 1485 833 1530 marmore
853 1463 943 1554 picto

62 1578 204 1649 Candida
221 1605 404 1676 purpureo
421 1579 638 1675 distinguitur
658 1604 736 1648 area
753 1606 846 1675 gyro.

60 1700 112 1766 llic
130 1715 163 1768 et
183 1699 355 1796 Ampzlaei
370 1705 491 1769 caesum
509 1699 551 1769 de
570 1714 685 1769 monte
704 1701 849 1794 Lycurgi
907 1678 909 1681 ι

62 1819 149 1906 Quod
164 1823 277 1907 viret,
296 1834 330 1889 et
344 1819 460 1889 molles
478 1821 628 1888 imitatur
642 1820 781 1913 rupibus
801 1820 931 1890 herbas.

63 1941 115 2009 llic
131 1940 337 2012 Nomadum
353 1939 466 2009 lucent
481 1939 636 2009 flaventia
656 1963 750 2028 saxa,
769 1940 979 2038 Thasosque,

65 2061 97 2126 Et
111 2061 239 2148 Chios,
259 2074 295 2130 et
312 2059 460 2156 gaudens
477 2059 580 2129 fluctu
599 2073 726 2130 certare
747 2063 913 2154 Carystos.

68 2183 176 2251 Omnia
197 2179 413 2251 Chalcidicas
431 2193 537 2248 turres
552 2179 692 2248 obversa
708 2179 865 2250 salutant.

67 2301 164 2408 hlacte0
173 2303 312 2388 animo,
328 2299 418 2394 quod
431 2302 533 2370 Graia
547 2300 682 2393 probas,
697 2299 789 2394 quod
800 2303 904 2372 Graia
915 2303 1117 2398 frequentas,

70 2421 157 2511 lrra3
174 2447 243 2492 nec
259 2419 433 2491 invideant
446 2445 521 2515 quae
541 2433 572 2489 te
593 2443 738 2515 genuere
756 2422 911 2493 Dicarchi

71 2540 178 2613 lloeuia
196 2572 206 2611 ι
227 2568 291 2613 nos
307 2542 406 2611 docto
423 2540 541 2609 melius
562 2542 728 2634 potiemur
745 2538 892 2610 alumno.

71 2662 146 2749 Quid
164 2688 261 2732 nuuc
277 2664 364 2731 ruris
383 2687 478 2755 opes,
499 2675 669 2754 pontoque
686 2659 818 2730 novalia
835 2660 945 2731 dicam

71 2782 197 2875 lujeeta,
215 2798 249 2853 et
270 2782 419 2852 madidas
436 2781 584 2853 Baccheo
613 2796 747 2851 nectare
763 2781 884 2875 rupes?

72 2902 146 2997 Sapo
165 2930 228 3000 per
245 2917 461 2987 autumnum,
477 2903 546 2996 jam
565 2888 765 2995 pubescente
782 2905 897 2997 Lyaeo,

75 2998 269 3095 Conscendit
283 3021 452 3118 scopulos,
472 3023 643 3116 noctisque
660 3020 792 3092 occulta
807 3024 868 3092 sub
888 3023 1007 3091 umbra

75 3143 196 3215 Palmite
216 3144 352 3214 maturo
368 3144 517 3213 rorantia
534 3141 662 3212 lumina
682 3144 776 3213 tersit

75 3264 188 3355 Nemis,
206 3280 243 3336 et
263 3264 375 3335 dulces
394 3239 506 3358 rapuit
522 3262 563 3332 de
580 3262 718 3333 collibus
739 3289 830 3333 uvas.

76 3387 148 3482 Sape
167 3404 201 3459 et
220 3387 335 3459 vicino
353 3408 466 3480 sparsa
481 3397 530 3454 est
548 3383 718 3453 vindemia
737 3382 857 3469 fluctu;

74 3508 106 3575 u
120 3512 225 3606 Satyri
242 3506 392 3579 cecidere
410 3505 519 3595 vadis,
539 3492 806 3599 nudamque'per
822 3503 929 3573 undas

76 3628 181 3701 Dorida
199 3630 354 3701 montani
368 3628 547 3723 cupierunt
563 3624 727 3722 prendere
741 3626 860 3695 Panes.

110 3754 153 3821 Sis
168 3752 264 3840 felix,
284 3749 399 3839 tellus,
417 3747 560 3826 dominis
577 3746 738 3817 ambobus
753 3748 790 3815 iu
806 3770 912 3815 annos

76 3868 241 3967 Mygdonii,
259 3870 414 3967 Pyliique
431 3871 533 3958 senis;
549 3894 610 3939 nec
627 3866 739 3938 nobile
758 3881 866 3936 mutes

75 3990 248 4082 Servitium;
269 4020 334 4063 nec
354 4006 387 4060 te
405 3989 496 4061 cultu
516 3990 690 4083 Tirynthia
709 3990 821 4057 vincat
