2934 4950
366 450 401 513 7t
695 444 908 501 ructamos
928 444 1038 501 aman
1059 444 1109 499 vr.
1294 440 1400 505 (aaa

364 569 547 639 Centauros
565 570 663 639 habet
683 585 754 639 arte
773 584 900 657 truces,
918 592 1105 662 aurumque
1122 568 1238 661 figuris

364 688 548 758 Terribile:
569 690 624 759 hic
643 692 745 759 mixta
765 690 985 784 Lapitharum
1003 689 1093 757 cede
1109 702 1263 757 rotantur

365 812 467 899 Saxa,
489 810 594 899 faces,
614 810 737 905 aliique
754 812 871 879 iterum
892 825 1052 897 craterum
1071 810 1195 902 ubique

364 935 518 1027 Ingentes
534 933 734 1003 morientum
753 934 810 1001 irae
827 958 835 1001 :
855 946 947 1001 tenet
963 933 1033 1026 ipsa
1051 931 1214 999 lirrentom

365 1051 529 1146 Hylaeum,
548 1068 581 1121 et
600 1069 687 1123 torta
704 1052 842 1123 molitur
860 1054 983 1121 robora
1002 1053 1116 1121 barba.

412 1177 456 1243 At
473 1174 533 1244 tibi
552 1176 697 1244 Maeonio
715 1174 822 1245 fertur
838 1174 1033 1244 circumflua
1052 1173 1155 1242 limbo

365 1301 430 1366 Pro
449 1296 592 1384 meritis,
609 1294 761 1383 Admete,
782 1293 948 1389 chlamys,
968 1297 1172 1389 repetitaque
1191 1293 1298 1363 multo

365 1419 506 1489 Murice.
526 1416 667 1511 Phryxoi
686 1431 781 1486 natat
796 1416 852 1485 hic
868 1430 1056 1486 contemtor
1075 1416 1225 1511 ephebus

368 1540 539 1633 AEquoris,
558 1552 593 1607 et
610 1538 700 1633 picta
718 1522 902 1608 transluoet
919 1536 1190 1609 cerulus'unda:

365 1664 405 1729 ln
423 1658 508 1728 latus
529 1659 577 1728 ire
594 1681 730 1746 manus,
748 1672 1003 1751 mutaturusque
1024 1657 1156 1729 videtur

331 1824 333 1829 ·
367 1780 526 1864 Brachia,
547 1802 607 1847 nec
628 1778 752 1848 siccum
771 1803 882 1877 speres
900 1780 936 1847 in
957 1780 1096 1849 stamine
1115 1781 1263 1850 crinem:

369 1904 491 1975 Contra
512 1916 622 1974 autem
639 1900 763 1971 frustra
781 1900 873 1971 sedet
890 1903 989 1971 anxia
1003 1916 1095 1971 turre
1115 1926 1271 1996 suprema

365 2029 485 2098 Sestias
504 2026 539 2093 in
559 2020 724 2117 speculis:
744 2023 889 2092 moritur
907 2047 1011 2117 prope
1027 2025 1179 2095 conscius
1196 2023 1296 2121 ignis.

364 2152 433 2219 Has
450 2147 612 2223 Adrastus
632 2167 710 2238 opes
730 2141 822 2211 dono
834 2144 1023 2215 ¹victoribus
1044 2145 1093 2216 ire

364 2274 532 2366 Imperat:
552 2286 587 2339 at
603 2294 762 2367 generum
775 2262 910 2335 -famula
926 2264 1053 2337 solatur
1071 2268 1201 2339 Achata

414 2390 580 2461 Sollicitat
595 2406 676 2461 tunc
695 2382 807 2484 ampla
823 2389 914 2457 viros
934 2385 976 2458 ad
995 2390 1131 2483 premia
1149 2414 1251 2460 cursu

366 2512 560 2584 Praeceleres
578 2537 588 2584 t
608 2511 694 2608 agile
711 2508 878 2598 studium,
896 2525 931 2580 et
946 2512 1139 2580 tenuissima
1156 2514 1279 2600 virtus,

365 2637 458 2705 Pacis
476 2659 575 2731 opus,
595 2657 699 2728 quum
717 2659 812 2704 sacra
833 2646 971 2714 vocant3
991 2657 1052 2701 nec
1071 2631 1187 2703 inutile
1204 2631 1299 2702 hellis

366 2755 578 2844 Subsidium,
596 2757 623 2826 si
642 2756 760 2826 dextra
778 2771 883 2850 neget.
907 2754 1004 2822 Prior
1021 2755 1177 2824 omnibus
1195 2753 1290 2845 Idas,

366 2880 483 2972 Nuper
500 2875 703 2971 Olympiacis
721 2877 895 2948 umbratus
912 2891 1066 2972 tempora
1082 2879 1202 2967 ramis,
1323 2921 1329 2930 ·

365 2996 501 3068 Prosilit
517 2999 715 3092 t'excipiunt
731 2997 849 3092 plausu
868 3001 974 3070 Pisaea
988 3000 1146 3094 juventus
1227 3045 1232 3052 -

361 3120 519 3212 Eleaque
536 3142 655 3192 manua
670 3143 677 3187 ε
694 3120 845 3211 sequitur
862 3121 1038 3214 Sicyonius
1056 3120 1181 3205 Alcon3

365 3244 410 3310 Et
424 3239 474 3307 bis
495 3241 531 3308 in
549 3238 727 3308 Isthmiaca
745 3241 854 3309 victor
870 3238 1032 3311 clamatus
1051 3265 1152 3310 arem

365 3365 571 3456 Phaedimus3
592 3367 828 3465 alipedumque
847 3371 961 3465 fugam
982 3388 1181 3463 praegressus
1197 3386 1360 3464 equorum

367 3493 453 3557 Ante
470 3491 612 3583 Dymas,
636 3489 692 3559 sed
711 3505 792 3560 tunc
809 3514 880 3560 aevo
897 3490 1051 3560 tardante
1068 3506 1212 3560 secutus.

366 3607 466 3677 Multi
484 3623 535 3693 et,
553 3633 636 3702 quos
657 3612 742 3681 varii
759 3625 845 3680 tacet
864 3612 1055 3706 ignorantia
1075 3590 1183 3706 vulgi,

368 3729 457 3797 Hinc
475 3743 574 3822 atque
592 3731 671 3800 hinc
690 3732 833 3800 subiere.
852 3729 917 3802 Sed
936 3730 1067 3802 Arcada
1085 3731 1361 3824 Parthenopaeum

367 3847 563 3945 Appellant‚
584 3850 744 3946 densique
762 3856 852 3923 cient
869 3879 952 3948 vaga
970 3879 1142 3923 murmura
1160 3854 1253 3921 circi.

368 3972 457 4042 Nota
471 3996 590 4064 parens
611 3999 711 4044 cursu
731 4005 741 4044 :
760 3979 835 4070 quis
852 3975 1015 4046 Maenaliae
1035 3973 1207 4043 Atalantes

367 4091 502 4160 Nesciat
518 4095 688 4191 egregium
706 4097 826 4187 decus,
843 4113 876 4168 et
894 4099 1031 4192 vestigia
1050 4097 1179 4166 cunctis
