2934 4950
320 399 377 460 ont.
634 381 848 442 menemus
867 379 977 437 tutte
997 379 1053 436 nt.
1263 383 1308 434 tv.
1327 381 1398 443 5⁶5.)

320 520 430 614 Erigit
447 511 575 586 occulte
590 511 738 601 ferrum,
756 512 898 606 vitaeque
917 507 1075 577 labantis-

320 639 504 734 Reliiquias
525 652 639 707 tenues
656 634 737 705 odio
755 632 942 730 supplevit,
958 644 994 701 et
1011 654 1123 703 ensem
1219 673 1223 680 ι

321 766 394 834 Jam
410 760 505 830 laetus
521 758 633 828 fratris
650 781 719 826 non
734 753 956 824 fretercorde
975 753 1119 848 reliquit.

320 881 381 953 ltte
398 897 527 969 autem,
546 878 737 949 «Vivisnei'
757 892 790 946 et
808 875 919 973 adhuc
935 890 1049 947 manet
1067 877 1338 970 intemperatus,

319 1003 466 1087 Perfide,
483 1026 544 1072 nec
563 999 659 1070 sedes
677 1023 826 1092 unquam
840 999 1002 1068 meriture
1022 995 1176 1091 quietas?
1271 1009 1281 1020 ’

321 1128 338 1194 Ῑ
357 1148 489 1193 mecum
510 1122 686 1194 admones
706 1147 713 1189 :
735 1119 803 1190 illic
820 1144 954 1215 quoque
971 1134 1069 1215 pacta
1087 1141 1289 1214 reposcam,

310 1248 356 1316 'Si
374 1245 476 1314 modo
492 1243 658 1338 Agenorei
675 1256 743 1314 stat
759 1243 905 1312 Gnossia
922 1240 1044 1334 judicis
1060 1263 1166 1322 uma,

263 1439 265 1444 ,
322 1369 401 1457 Qua
423 1391 517 1461 reges
535 1364 656 1459 punire
676 1362 785 1432 datur.
802 1393 819 1428 o
837 1364 910 1433 Nec
928 1360 1027 1456 plura
1046 1361 1192 1447 locutus,

323 1487 498 1572 Concidit,
519 1501 552 1558 et
572 1487 651 1555 totis
668 1485 808 1554 fratrem
827 1486 938 1580 gravis
953 1485 1069 1553 obruit
1085 1485 1195 1552 armis.

371 1613 423 1679 lte
439 1624 550 1678 truces
569 1613 708 1695 animat,
726 1605 923 1701 funestaque
937 1609 1080 1700 UTartaca
1100 1603 1167 1674 feto

324 1729 487 1816 Polluite,
506 1745 538 1800 et
555 1744 691 1802 cunctas
710 1727 810 1800 Erebi
828 1729 1013 1798 consumite
1027 1753 1151 1823 poenas.
1453 1813 1455 1824 Ι

325 1853 463 1946 Vosque
481 1849 577 1920 malis
596 1851 793 1936 hominum,
813 1852 949 1946 Stygiae,
964 1849 1034 1942 jam
1052 1851 1193 1944 parcite,
1210 1851 1329 1920 Divae.
1453 1877 1455 1948 ᾗ

326 1973 495 2043 Omnibus
514 1973 549 2042 iu
569 1973 666 2043 ternis
686 1971 792 2041 scelus
813 1972 897 2060 hoc,
915 1975 1074 2067 omnique
1090 1973 1154 2044 sub
1171 1995 1245 2040 avo
1453 1955 1455 1976 ᾗ

322 2093 458 2164 Viderit
471 2117 538 2164 una
556 2092 641 2184 dies,
661 2107 919 2187 monstrumque
935 2093 1059 2162 infame
1073 2093 1196 2165 futuris

325 2214 486 2303 Excidat,
503 2230 537 2284 et
554 2213 616 2286 soli
632 2200 821 2286 memorent
833 2214 908 2310 ‚haec
926 2214 1044 2310 proelia
1061 2240 1185 2313 reges.⁴
1231 2291 1249 2304 ,

374 2342 419 2409 tt
434 2338 577 2434 genitor,
596 2335 728 2408 sceleris
747 2352 926 2432 comperto,
937 2337 1019 2426 fine,
1034 2336 1213 2433 profundis

295 2519 299 2528 .
326 2462 461 2557 Erepsit
478 2461 643 2547 tenebris,
664 2484 848 2556 saevoquee
866 2461 985 2530 limine
995 2459 1126 2557 profert

325 2587 471 2654 Mortem
491 2582 720 2679 imperfectam
738 2609 748 2651 z
766 2584 870 2652 reteri
888 2597 955 2651 stat
971 2582 1105 2652 sordida
1124 2582 1204 2651 tabo

326 2708 480 2800 Utraque
493 2706 646 2789 canities,
660 2720 695 2773 et
713 2703 820 2774 durus
838 2704 1003 2799 sanguine
1020 2706 1123 2782 crinis

327 2827 480 2898 Obnubit
498 2824 616 2897 furiale
637 2838 740 2921 caput
759 2851 768 2894 ι
787 2824 1001 2920 proculum,
1021 2848 1182 2922 genaequc

325 2953 440 3035 Intus,
459 2963 493 3019 et
511 2948 638 3021 ettossae
655 2947 809 3043 squalent
827 2949 973 3043 vestigia*
986 2946 1081 3017 lucis.
1106 2936 1112 2943 ’

326 3075 433 3168 Virgo
454 3086 567 3142 autem
586 3072 751 3166 imposito
767 3084 933 3141 sustentet
946 3072 1099 3166 pondera
1113 3069 1223 3158 laevae,

327 3198 456 3265 Dextra
473 3194 567 3270 sedet
581 3191 703 3265 baculo
724 3222 732 3263 :
750 3192 858 3290 qualis
877 3196 905 3265 si
923 3188 1039 3289 pup‘pe
1054 3190 1172 3278 relicta

325 3320 454 3388 Exosus
472 3318 560 3413 pigri
580 3342 696 3387 manes
713 3314 864 3387 sulcator
876 3318 1005 3388 Averni

325 3442 430 3509 Exeat
451 3437 494 3509 ad
509 3430 673 3534 Supeios,
690 3438 861 3535 solemque
881 3456 915 3510 et
931 3437 1056 3533 pallida
1074 3440 1188 3509 mrbet
1282 3436 1288 3441 ’

326 3564 444 3649 Astra,
464 3583 526 3629 nec
545 3562 616 3654 ipse
634 3559 692 3630 diu
713 3560 826 3648 fortis,
848 3564 1044 3657 patiensque
1064 3561 1201 3657 superni

327 3684 420 3753 Aeris
442 3708 450 3751 τ
473 3684 601 3755 interea
620 3682 759 3779 longum
778 3700 930 3755 cessante
948 3686 1110 3781 magistro

327 3809 463 3874 Crescat
480 3829 585 3899 opus,
606 3806 754 3900 totisque
772 3810 965 3901 exspectent
985 3804 1105 3876 saecuta
1126 3807 1218 3902 ripis.

375 3923 464 3995 Talis
483 3926 547 3995 init
566 3950 741 4021 campum,
760 3930 950 4024 comitique
961 3943 1110 4014 extrema
1128 3926 1286 4023 gementi,

257 4134 258 4139 ἵ
327 4052 417 4137 Duo,
434 4048 498 4136 ait,
518 4046 560 4117 ad
579 4062 691 4135 natos,
710 4064 910 4145 patremque
928 4050 1136 4139 recentibus,
1158 4074 1234 4139 oro,
