2934 4950
63 437 84 487 o
100 433 156 486 a..)
394 421 588 480 snvtamu
607 423 716 480 nmen
739 425 776 480 n.

67 555 104 616 tt
121 561 178 615 tua
195 569 329 615 securos
350 560 484 641 portus,
501 546 725 641 blandamque
743 550 887 641 quietem

67 666 205 734 Intravit
222 690 292 735 non
308 691 429 761 quassa
446 669 535 736 ratis.
555 669 609 736 Sic
624 693 742 763 perge5
760 692 986 761 necunquam

67 788 244 857 Emeritam
265 785 300 854 in
320 800 453 856 nostras
472 811 623 882 puppem
641 775 771 856 dimitte
788 785 959 882 procellas.

109 907 223 975 Viuite
237 908 363 995 securi,
384 931 528 1001 quorum
548 906 590 976 de
608 921 743 1002 pectore
760 910 871 976 mixtae

67 1031 101 1095 ln
119 1025 262 1122 longum
280 1033 390 1096 coiere
407 1027 507 1114 sacca,
523 1041 722 1121 sanctusque
739 1028 868 1122 pudicae

68 1149 177 1216 Servat
194 1146 350 1216 amicitiae
369 1145 457 1242 leges
474 1172 578 1218 amor.
595 1151 646 1217 Ite
663 1173 724 1242 per
744 1173 849 1217 annos

69 1265 272 1361 seculoque,
290 1281 322 1336 et
342 1268 458 1362 priscae
475 1266 589 1337 titulos
608 1268 784 1363 precedite
801 1268 905 1338 fame.

70 1391 201 1482 Tuque,
221 1411 327 1458 nurus
344 1387 431 1456 inter
447 1386 546 1483 longe
566 1385 811 1482 pulcherrima,
827 1389 921 1484 cujus

72 1511 140 1578 Non
157 1507 307 1577 [iontem
323 1519 452 1576 vertere
468 1508 581 1594 minae,
601 1506 660 1576 sed
678 1507 820 1577 candida
838 1533 966 1603 semper

26 1621 29 1629 ’
72 1627 213 1716 Gaudia,
231 1643 265 1697 et
286 1629 322 1696 in
342 1627 437 1698 vultu
452 1651 610 1697 curarum
628 1629 746 1723 ignara
765 1627 943 1723 voluptas:

74 1750 140 1819 Non
158 1748 221 1817 tibi
237 1749 398 1844 sepositas
417 1745 531 1816 infelix
547 1746 733 1844 strangulat
751 1773 829 1819 arca

74 1871 221 1959 Divitias,
241 1868 398 1964 avidique
414 1870 562 1939 animum
580 1869 755 1964 dispendia
771 1885 928 1967 torquent

75 1993 213 2060 Foenoris
235 2017 243 2060 :
265 1991 406 2084 expositi
426 2015 557 2079 census,
577 2005 608 2059 et
627 1990 725 2059 docta
741 1990 875 2060 fruendi

76 2114 266 2208 Temperies.
284 2110 372 2181 Non*
385 2099 453 2182 ulla
468 2116 540 2182 Deo
560 2110 697 2180 meliore
713 2111 879 2181 cohaerent

78 2235 219 2322 Pectora,
237 2257 307 2302 non
325 2231 406 2302 alias
424 2232 534 2302 decuit
554 2232 743 2302 Concordia
764 2247 901 2303 mentes.
