2934 4950
353 349 412 423 298
733 345 1035 404 aouorsuoues

395 464 570 522 Nebulonem
588 463 714 520 incendit
732 465 838 519 amictu
857 459 898 540 (v.
915 460 994 542 631).
1014 464 1182 520 «Pestilenti
1202 467 1298 522 calore
1324 467 1396 541 plena

349 559 455 615 nebula
469 557 567 614 omnia
579 556 686 614 obruit
700 580 712 606 a
724 558 825 612 Grnss.
843 555 979 612 Similiter
995 557 1124 613 Laetant

391 654 540 710 exorem
553 650 616 708 abis
636 650 674 727 (v.
688 647 768 727 666).
785 652 895 706 «Poeta
908 651 964 707 hoc
981 651 1044 706 vult
1058 650 1194 728 intelligi,
1208 651 1330 708 inritum
1343 656 1395 711 Co-

349 749 464 807 roebum
476 744 612 820 precibus
626 744 731 802 civium
742 743 868 802 emostis
881 743 1040 801 discessisse
1053 745 1236 819 propositos
1259 748 1344 803 Lacr.

391 841 504 900 Erravit
517 840 612 914 pietas
626 835 664 915 (v.
684 836 763 916 690).
779 840 850 895 Tam
863 839 893 894 in
912 849 1034 913 paterno
1053 839 1171 914 quidem
1185 859 1273 915 quarn
1290 841 1322 898 in
1341 859 1396 898 rna·

348 948 433 993 terno
441 952 547 1011 genere
557 943 726 1008 :paternum
737 932 821 988 duxit
834 932 974 989 Adrastus
983 933 1020 988 ab
1028 935 1128 1004 AEolo,
1136 932 1217 1006 cujus
1226 933 1302 992 lilius
1316 937 1397 992 Atha·

348 1047 408 1086 mas
420 1027 580 1084 Learchum
596 1023 688 1082 filium
701 1024 811 1101 sagittis
828 1023 966 1096 confixit,
986 1027 1165 1100 alterumque
1180 1027 1327 1102 Phryxum
1341 1029 1399 1084 lovi

347 1121 497 1179 immolare
509 1119 615 1192 volnit3
628 1129 816 1176 maternuma
829 1118 955 1190 Tantali,
970 1118 1006 1175 de
1020 1118 1103 1192 cujus
1117 1129 1146 1176 et
1159 1119 1272 1194 Pelopis
1285 1123 1399 1194 posteris

346 1215 446 1272 omnia
457 1213 683 1270 ncta-liebus
696 1213 843 1282 secundis,
860 1231 932 1288 quas
948 1233 1008 1269 non
1021 1211 1077 1268 nisi
1089 1213 1224 1270 ‘virtutem
1241 1215 1325 1290 sequi
1339 1216 1397 1271 olin

348 1308 554 1384 opinabantur,
574 1305 713 1362 infaustas
724 1325 796 1362 vero
811 1324 827 1362 a
842 1305 997 1362 sceleribus
1018 1303 1172 1380 proficisci.

387 1403 430 1458 Bt
441 1401 590 1456 assiduam
596 1401 709 1476 pelago
721 1418 779 1454 nou
792 1419 919 1475 quaerere
932 1401 1026 1456 Delon
1042 1397 1081 1478 (v.
1097 1398 1175 1476 702).
1190 1424 1203 1450 a
1213 1400 1270 1456 Seu
1284 1411 1316 1457 te
1327 1401 1399 1474 jurat

346 1497 442 1552 Delon
453 1492 549 1552 statim
561 1493 722 1565 inventam,
736 1492 919 1568 necamplius
928 1492 958 1548 in
971 1493 1044 1548 mari
1057 1511 1158 1568 ragam
1166 1489 1244 1571 (nam
1258 1495 1398 1549 assiduam

346 1599 390 1646 est
403 1584 561 1667 stabilem),
575 1586 706 1643 invisere.
725 1585 849 1643 Dicendi
869 1586 974 1642 modus
987 1587 1017 1642 h.
1033 1587 1051 1643 l.
1066 1587 1156 1643 mirus
1169 1605 1222 1643 nec
1236 1587 1334 1644 hercle
1347 1589 1399 1643 ele-

345 1701 424 1758 gans.
434 1707 447 1733 »
462 1681 546 1738 Wra.
562 1683 659 1752 Quare
670 1679 838 1736 Lactantius
852 1680 1029 1736 contrarium
1042 1680 1182 1736 intellexit
1192 1698 1199 1734 ε
1209 1705 1221 1731 ιι
1232 1682 1291 1737 Seu
1304 1691 1333 1736 te
1347 1699 1397 1736 non

344 1776 426 1848 juvat
439 1791 498 1831 esse
517 1773 548 1830 in
560 1776 649 1843 Delo‚·
660 1792 725 1848 quae
734 1772 918 1830 instabilitate
932 1792 982 1830 sua
1000 1784 1043 1834 est
1055 1773 1160 1848 hospes
1172 1774 1292 1830 litorum
1308 1773 1398 1831 direr-

345 1888 452 1927 sorum.
465 1893 479 1920 s
494 1869 594 1925 Paullo
607 1877 675 1943 post
687 1866 953 1942 oetltereipurrutes
962 1879 1029 1924 sunt
1042 1866 1157 1943 Jupiter
1169 1879 1198 1924 et
1214 1871 1342 1942 Latoua3
1355 1869 1398 1925 sed

343 1981 412 2019 rere
424 1960 579 2035 conjecisse
589 1971 663 2036 puto
679 1957 838 2018 Weberum
849 1982 856 2016 ε
867 1961 925 2018 «Et
938 1961 1052 2018 aetherei
1066 1961 1145 2018 dono
1159 1979 1265 2018 cessere
1277 1965 1398 2038 parenti

344 2057 494 2114 AEternurn
501 2052 728 2130 floreregeuae,»
738 2055 820 2130 quod
829 2065 857 2112 et
866 2055 1026 2112 statianum
1036 2056 1158 2112 maxime
1166 2067 1195 2112 et
1203 2065 1299 2112 totum
1306 2058 1395 2114 locum

344 2148 438 2206 indea
450 2167 478 2206 v.
499 2150 571 2204 Tela
586 2147 658 2206 mire
672 2147 763 2224 erigit

384 2242 504 2318 Phryga
520 2242 658 2298 submittis
676 2242 797 2298 cr‘tlm
809 2238 848 2319 (v.
864 2240 943 2319 709).
960 2242 1025 2298 Soil.
1040 2253 1096 2300 tue
1109 2245 1263 2320 Marsyam.

737 2486 778 2541 IN
799 2486 948 2543 LIBRUM
968 2485 1007 2540 11.

385 2707 488 2781 Styx...
498 2722 596 2760 novem
611 2701 773 2777 ct'rcumstua
787 2700 923 2781 eampis(
944 2744 950 2758 .
967 2700 1010 2781 ὅ).
1026 2702 1140 2759 Scilicet
1153 2722 1229 2779 qnos
1242 2704 1331 2763 efficit
1344 2728 1393 2763 no-

341 2819 407 2857 vem
414 2797 530 2856 fluentis
538 2799 605 2870 suis,
612 2808 751 2872 tanquam
763 2795 876 2853 insulas.
887 2796 1030 2854 inutiliter
1039 2815 1109 2873 ergo
1116 2798 1263 2857 Bentleius
1270 2820 1317 2876 ap.
1323 2803 1393 2859 Rid-

342 2892 423 2949 diurn
435 2891 472 2949 ad
488 2892 600 2948 Deua.
618 2890 702 2946 Mne.
710 2931 720 2959 ,
739 2908 769 2965 p.
784 2890 852 2962 647,
867 2889 992 2963 conjecit
1004 2892 1078 2948 rivis.

382 2980 507 3057 Major...
517 2985 642 3059 En‘rmys
651 2981 690 3062 (v.
702 2979 761 3061 ao).
772 2985 888 3040 Poterat
895 3002 954 3040 esse
963 2983 1056 3058 simpl.
1062 2988 1222 3061 gmndoeva
1226 3027 1236 3055 ,
1251 2990 1390 3055 utsenrnr,

341 3091 371 3137 et
383 3077 499 3152 similia,
511 3076 665 3154 dequibus
677 3076 716 3135 ed
730 3078 797 3133 Silv.
804 3118 813 3147 ,
830 3096 857 3149 r,
875 3096 906 3151 1,
925 3078 1051 3149 toa;sed
1060 3091 1137 3137 recte
1148 3080 1346 3139 Wakefieldns
1358 3082 1389 3139 ad

341 3176 436 3231 AEsclr.
458 3175 596 3240 Eumen„
619 3170 674 3227 15⁰
695 3192 702 3227 τ
720 3182 783 3242 Nise
805 3176 835 3233 dl
857 3182 945 3253 γραίας
962 3177 1084 3253 δαίμονας
1103 3184 1257 3237 καθιππάσω
1272 3173 1391 3255 (Apollo

340 3266 471 3345 Furias),
485 3265 625 3323 intellexit
637 3274 794 3347 πρισβυτίρα
808 3276 873 3339 Διός,
887 3266 969 3343 quod
982 3268 1155 3325 Eumenides
1167 3268 1206 3325 ad
1219 3270 1336 3327 Summi
1346 3290 1390 3327 rt—

340 3366 429 3437 gnum'
446 3360 644 3417 recedunt-
652 3362 745 3417 Antea
762 3378 791 3417 r.
812 3380 843 3417 rr
861 3362 973 3418 medica
986 3363 1073 3437 virga
1086 3372 1129 3419 est
1149 3363 1295 3420 Mercurii

380 3455 446 3511 Nou
462 3455 562 3509 audax
574 3453 825 3527 scendeoefluctus
842 3452 884 3533 (v.
907 3453 970 3533 44).
989 3480 1002 3507 ιι
1012 3457 1079 3513 Non
1099 3459 1176 3513 ultra
1190 3454 1263 3514 fines
1277 3456 1388 3513 litonum

339 3542 558 3624 progrediens.»
572 3547 659 3613 Lacr.
674 3548 781 3605 Versus
796 3559 922 3623 quatuor
938 3550 1032 3621 37-40
1045 3549 1150 3607 desunt
1162 3550 1193 3605 in
1206 3551 1303 3609 multis
1314 3570 1388 3619 mss,

340 3643 425 3699 etiarn
436 3644 544 3717 negg„
558 3658 653 3716 neque
671 3640 708 3697 ab
722 3641 872 3699 Lactantio
887 3642 1035 3717 explicati3
1054 3660 1122 3700 sane
1139 3645 1215 3700 ultra
1233 3644 1385 3718 perlectum

338 3736 500 3805 trahuntur,
514 3735 561 3791 rel
579 3734 616 3790 ab
630 3735 694 3809 ipso
713 3746 801 3810 poeta
815 3735 915 3808 deleti,
929 3738 976 3792 vel
996 3736 1112 3794 aliunde
1125 3738 1183 3794 lano
1199 3738 1333 3797 translati

377 3828 540 3903 Mediaque
553 3829 668 3884 silentio
679 3831 769 3885 Luuoe
783 3826 820 3907 (v.
836 3827 894 3908 58).
907 3832 996 3887 Recte
1009 3848 1064 3905 pro
1078 3829 1227 3888 usitatiore
1242 3831 1334 3887 medis
1347 3833 1385 3885 si-

339 3926 428 3981 lentio
434 3964 445 3991 ,
464 3932 493 3980 et
514 3923 614 3979 melius
627 3942 714 3999 quarn
727 3936 870 4001 mutaeque
883 3926 927 3980 sil.
942 3927 993 3997 L,
1014 3924 1094 4001 quod
1109 3926 1268 4001 repositum
1283 3925 1327 3981 hic
1345 3937 1384 3981 est

337 4016 555 4076 nl'ulckenario
570 4016 606 4071 ad
623 4022 754 4073 Aminon.
772 4020 877 4088 Anile,
899 4036 927 4091 p.
947 4016 1010 4075 135.
