2934 4950
63 429 159 492 (tus.)
361 429 575 486 rnnuunos
594 430 705 485 unna
723 431 762 484 11.

62 555 165 645 Qualis
180 557 214 624 in
232 555 390 626 adversos
402 553 568 651 Lapithas
583 558 691 625 erexit
707 555 839 624 inanem

63 678 281 773 Magnanimus
299 691 431 746 cratera
448 674 585 747 Pholus.
616 681 739 772 Stupet
754 677 852 746 obvia
869 675 935 745 leto

62 799 159 868 Turba
173 801 454 895 superstantem,
474 813 577 893 atque
594 800 705 868 emissi
724 799 860 868 turbine
880 796 1003 866 montis

63 921 229 1007 Obruitur;
249 918 350 991 simul
369 920 575 1009 ora'virum,
594 919 693 990 simul
712 945 824 1004 arma,
843 935 1063 1012 manusque,'

62 1047 229 1138 Fractaque
247 1044 431 1113 commixto
447 1041 608 1113 sederunt
623 1058 762 1138 pectora
782 1042 882 1111 ferro.

62 1164 200 1253 Quatuor
217 1165 275 1234 hic
292 1165 376 1234 adeo
393 1163 514 1260 dejecti
531 1163 621 1234 mole
638 1165 701 1232 sub
721 1169 790 1232 una

62 1290 276 1382 Congemuere
294 1313 302 1355 ι
323 1287 404 1384 luga
422 1286 654 1358 tremefactum
672 1287 829 1382 protinus
846 1305 968 1381 agmen

61 1410 223 1478 Excutitur
240 1412 357 1504 coeptis
376 1411 619 1506 :nequeenim
637 1407 818 1478 temnenda
834 1406 991 1501 jacebant

61 1532 189 1618 Funera,
206 1528 392 1601 fulmineus
406 1532 567 1625 Dorylas,
584 1555 685 1625 quem
701 1527 973 1626 regibusardens

61 1653 208 1744 Fquabm
226 1654 351 1742 virtus,
365 1657 556 1749 ‘Martisque
573 1680 593 1723 e
613 1655 739 1723 semine
759 1653 894 1723 Theron

23 1848 24 1851 Ἴ
60 1775 242 1870 Terrigenas
260 1776 408 1846 confisus
427 1776 507 1846 avos
525 1805 533 1844 ε
553 1801 615 1846 noc
636 1791 767 1846 vertere
786 1777 944 1869 cuiquam

61 1897 153 1964 Frena
168 1898 336 1966 secundus
352 1895 474 1993 Halys,
492 1899 552 1967 sed
567 1913 652 1980 tunc
669 1892 771 1993 pedes
786 1897 929 1967 occubat
946 1893 1050 1978 arvis,

23 2006 24 2047 l
62 2017 300 2113 Pentheumque
319 2021 457 2091 trahens
471 2019 625 2090 nondum
643 2035 676 2089 te
692 2019 885 2089 Phaedimus
903 2038 1015 2111 aequo,

62 2139 191 2226 Bacche,
210 2166 328 2235 genus.
343 2142 500 2232 Quorum
521 2156 559 2211 ut
578 2141 698 2210 subitis
718 2141 880 2209 exterrita
900 2137 975 2207 fatis

63 2264 207 2354 Agmina,
218 2257 389 2333 turbatam
410 2262 495 2333 vidit
514 2255 627 2333 laxare
645 2277 830 2350 catervam3

63 2383 131 2470 Quae
146 2383 215 2453 duo
231 2375 309 2453 sola‘
320 2410 422 2454 manu
439 2400 573 2482 gestans
590 2384 731 2455 acclinia
748 2387 856 2455 monti

62 2504 190 2593 fixerat,
209 2508 384 2602 intorquet
401 2506 531 2603 jacula,
551 2524 586 2579 et
604 2508 810 2603 fugientibus
830 2504 934 2575 addit.

63 2627 129 2695 hlor
146 2628 179 2697 in
197 2625 298 2722 plana
318 2622 439 2719 tiben's,
457 2630 550 2723 nudo
571 2657 613 2700 ne
634 2645 768 2728 pectore
788 2626 854 2698 tela

63 2748 248 2840 inciderent,
270 2751 358 2823 saltu
375 2778 523 2849 praeceps
539 2754 704 2843 defertur,
724 2767 758 2821 et
779 2752 910 2841 orbem,
999 2734 1002 2740 ¹

65 2869 158 2957 Quem
175 2874 294 2968 procul
310 2900 470 2970 oppresso
486 2874 571 2944 vidit
585 2874 744 2946 Therone
760 2871 932 2958 volutum,
1014 2892 1017 2897 “

28 3094 31 3097 ἡ
64 2991 235 3089 Conipuit,
254 3012 418 3091 tergoque
436 3012 471 3066 et
488 2999 611 3067 vertice
629 2998 777 3093 tegmine
797 3010 879 3066 noto

64 3113 181 3209 Septus,
199 3135 233 3188 et
253 3118 367 3190 hostili
385 3144 603 3217 propugnans
621 3135 759 3215 pectora
781 3143 913 3213 parma,

64 3238 203 3310 Constitit
223 3270 232 3310 :
253 3242 331 3313 inde
349 3246 470 3313 iterum
488 3244 583 3312 densi
603 3243 834 3338 glomerantur
852 3244 885 3310 in
904 3266 1010 3311 unum

65 3361 220 3457 Ogygidae,
238 3364 441 3460 firmantque
458 3364 599 3461 gradum
622 3392 630 3433 :
652 3349 756 3434 trahit
775 3366 868 3433 ocius
885 3388 999 3433 ensem

65 3481 233 3557 Bistonium
252 3486 401 3581 Tydeus,
421 3488 589 3557 Mavortia
611 3510 750 3557 munera
770 3487 890 3581 magni·

66 3604 183 3678 OEnoos
201 3634 209 3677 :
228 3622 264 3678 et
277 3624 389 3704 partes
405 3610 533 3705 pariter
548 3608 673 3679 divisus
691 3611 726 3679 in
744 3633 861 3679 omnes

66 3726 122 3796 llos
139 3731 224 3820 obit,
243 3746 344 3827 atquc
362 3729 452 3823 illos,
467 3733 623 3828 ferroque
638 3734 797 3805 micantia
813 3733 880 3806 tela

66 3847 184 3920 Decutit
199 3850 210 3921 ἰ
228 3854 428 3949 impeditant
443 3881 602 3943 numero,
619 3882 721 3951 seque
738 3858 811 3952 ipsa
828 3858 973 3927 vicissim

67 3970 151 4041 Arma
166 3991 348 4069 premunt:
370 4002 432 4047 nec
448 3979 498 4047 vis
517 3978 692 4049 conatibus
709 3976 793 4065 ulla,
815 3979 873 4048 sed
894 3982 973 4075 ipsae

66 4089 97 4157 ln
114 4096 214 4165 socios
230 4122 343 4168 errare
361 4124 495 4190 manus,
517 4116 551 4170 et
570 4126 711 4196 corpora
729 4103 829 4171 turha
957 4088 958 4093 ἵ
