2934 4950
78 451 183 515 sess.)
388 448 600 507 tenesmos
619 450 727 506 LIBER
748 451 783 504 v.
1071 435 1120 516 β’

77 579 233 644 Instemus
242 574 333 667 jactu
349 573 508 663 telorum,
523 591 558 644 et
571 575 674 644 serres
688 575 809 644 nimbis

75 701 181 763 (brtat
196 696 301 764 biems
316 721 325 764 τ
338 709 504 790 vasteque
519 695 630 784 sudes,
647 696 807 789 fractique
820 693 973 784 molares,

75 815 285 910 Spiculaque,
305 830 338 885 et
355 813 460 885 multa
478 816 635 886 crinitum
651 815 773 886 missile
789 815 940 902 flamma,

75 940 167 1005 Nunc
178 934 312 1031 pelago,
327 962 418 1006 nunc
430 961 543 1033 puppe
556 937 702 1006 cadunt:
718 935 775 1006 dat
787 951 903 1032 operta
916 935 1081 1030 fragorem

73 1058 185 1142 Pinus,
199 1072 234 1126 et
246 1058 410 1152 abjunctis
421 1073 597 1154 regemunt
608 1056 757 1126 tabulata
770 1059 931 1126 cavernis.

115 1176 234 1248 «Talis
251 1180 464 1274 Hyperborea
481 1178 602 1250 virides
621 1180 698 1248 nive
713 1177 867 1248 verberat
884 1203 982 1273 agros

72 1301 238 1394 luppiter3
251 1300 405 1368 obruitur
417 1302 541 1394 eampis
554 1325 659 1396 genus
673 1324 772 1369 omne
785 1299 945 1387 fernum,

71 1423 311 1514 Deprensaeque
327 1419 452 1490 cadunt
470 1418 636 1506 volucres,
652 1435 688 1490 et
704 1421 818 1490 messis
836 1445 949 1490 amaro

71 1543 177 1610 Strata
195 1538 272 1636 gelu
291 1565 300 1609 t
319 1539 434 1636 fragor
450 1539 529 1610 inde
541 1541 650 1637 jugis,
670 1539 747 1610 inde
763 1541 915 1610 amnibus
934 1543 1001 1610 irae.

114 1692 131 1727 α
143 1663 193 1731 Ut
209 1687 289 1731 vero
305 1661 392 1731 elisit
410 1662 515 1732 nubes
530 1665 612 1730 Jove
630 1676 738 1732 tortus
756 1662 799 1730 ab
818 1660 886 1732 alto

72 1785 174 1878 Ignis,
192 1798 227 1853 et
245 1785 394 1880 ingentes
414 1798 548 1877 patuere
566 1784 601 1852 in
621 1782 747 1853 lumine
765 1799 892 1873 nautae,

71 1905 244 2000 Diriguere
262 1905 381 1990 animi,
400 1904 619 1997 manibusque
635 1904 775 1974 honore
793 1906 937 1976 remissis

71 2029 169 2094 Arma
187 2023 294 2094 aliena
310 2023 434 2094 cadunt
452 2050 460 2093 :
481 2023 621 2094 redeunt
636 2026 672 2094 in
690 2041 827 2120 pectora
845 2051 951 2100 sexus.

71 2146 244 2215 Cernimus
261 2143 430 2234 AEacidas,
448 2145 617 2239 murisque
635 2147 778 2216 immane
799 2148 978 2217 minantem

71 2272 248 2353 sncaeum,
263 2281 298 2335 et
314 2265 416 2361 longa
431 2264 607 2362 pellentem
625 2265 761 2360 cuspide
781 2293 879 2362 rupes

71 2388 203 2483 Iphiton
221 2411 230 2454 ε
249 2388 389 2456 attonito
406 2385 598 2456 manifestus
617 2388 653 2456 in
670 2389 802 2482 agmine
820 2411 920 2484 supra
938 2403 988 2460 est

72 2507 397 2604 Amphitryoniades,
414 2532 625 2604 puppemque
645 2507 790 2579 alternus
809 2512 975 2604 utrimque

71 2632 245 2725 lngmvat,
262 2644 296 2698 et
311 2628 436 2699 medias
454 2628 549 2698 ardet
567 2628 763 2699 descendere
782 2632 817 2699 in
837 2629 953 2701 undas.

72 2755 112 2820 At
129 2749 229 2837 levis,
247 2763 281 2819 et
298 2750 425 2818 miserae
443 2748 592 2819 nondum
610 2750 693 2819 inihi
710 2764 810 2821 notus
828 2753 927 2821 Iason

71 2874 228 2940 Transtra
243 2885 351 2966 peret
367 2894 493 2953 manos,
510 2872 732 2965 impressaque
751 2887 842 2966 terga
858 2873 1023 2960 virorum,

73 2992 168 3061 Nunc
185 3014 345 3087 magnum
365 2990 540 3076 OEniden,
559 3016 650 3061 nunc
667 2990 723 3061 ille
743 2992 929 3063 hortatibus
947 2994 1058 3083 Idam,

72 3116 114 3181 Et
129 3111 288 3200 Talaum,
307 3126 341 3181 et
357 3136 440 3181 cana
456 3126 623 3181 rorantem
641 3112 837 3208 adspergine
856 3117 949 3208 ponti

71 3232 281 3328 Tyndariden
298 3236 438 3319 iterans,
457 3230 622 3327 gelidique
640 3235 675 3303 in
692 3234 782 3304 nube
800 3238 958 3335 parentis

72 3354 153 3424 Vela
166 3352 371 3423 laborantem
385 3351 501 3422 Calain
516 3353 710 3424 subnectere
722 3353 827 3442 malo,

60 3478 161 3572 vVoce
178 3498 346 3568 manuque
363 3488 461 3568 rogat
478 3499 487 3544 :
505 3476 660 3567 quatiunt
677 3474 873 3570 impulsibus
893 3475 940 3547 illi

72 3598 169 3665 Nunc
186 3595 287 3682 freta,
307 3618 398 3663 nunc
416 3617 529 3663 muros
549 3620 557 3663 :
577 3591 634 3664 sed
651 3618 713 3663 nec
731 3598 920 3689 spumantia
940 3598 1060 3669 cedunt

75 3718 235 3810 AEquora,
252 3730 286 3784 et
304 3716 442 3785 incussae
460 3712 600 3785 redeunt
617 3739 637 3783 a
655 3716 803 3787 turribus
822 3718 934 3787 bastae.

72 3840 145 3932 lpse
162 3861 279 3933 graves
296 3836 434 3920 fluctus,
452 3834 647 3929 clavumque
664 3836 779 3905 audire
797 3854 972 3933 negantem

73 3961 186 4028 Lassat
204 3982 303 4053 agens
319 3957 459 4051 Tiphys,
476 3953 655 4050 palletque,
673 3971 706 4025 et
721 3954 865 4050 plurima
883 3976 988 4031 mutat

73 4080 233 4173 Imperia,
252 4103 290 4147 ac
310 4074 407 4145 laevas
424 4061 619 4169 dextrasque
638 4078 816 4171 obtorquet
833 4080 869 4147 in
886 4080 991 4150 undas
