2934 4950
391 367 428 454 'sa
704 401 920 458 autumnos
943 401 1053 458 uram
1077 403 1112 454 v.
1320 397 1417 459 (sut-t

389 529 444 596 lra
462 528 566 622 patris
585 555 593 594 :
613 525 715 620 longo
734 514 823 623 raprt
839 551 918 596 arva
937 528 1103 596 morantia
1119 551 1217 621 passu

388 648 582 718 Vociferans
600 676 607 717 :
626 647 714 718 «Illa
730 664 842 717 autem
861 649 1014 730 ubinam,
1030 649 1094 716 cui·
1105 673 1208 743 parva
1223 649 1351 716 cruoris

388 772 521 838 Laetare
540 770 661 839 damna
682 771 769 839 mei?
789 767 937 840 vivitne?
957 768 1120 864 impellite
1137 784 1285 864 raptam,

387 894 486 960 Ferte
503 893 559 961 citi
579 893 740 962 comites':
762 891 839 961 laxo
855 893 962 961 onmis
980 889 1094 961 fabula
1111 893 1248 972 Lemni,

386 1016 432 1081 Et
448 1028 559 1108 pater,
575 1027 610 1083 et
627 1012 763 1083 tumidae
781 1013 908 1108 generis
925 995 1100 1109 mendacia
1116 1014 1199 1082 sacri

387 1135 618 1204 Exciderint.»
638 1135 729 1222 Ibat,
751 1133 922 1226 letumque
941 1133 1064 1214 inferre
1083 1134 1221 1229 parabat

386 1254 476 1327 Ense
493 1255 607 1327 furens
626 1272 723 1352 rapto
743 1283 749 1323 :
769 1255 913 1326 venienti
932 1255 1082 1325 OEneius
1099 1255 1197 1324 heros

387 1380 534 1474 Impiger
551 1379 681 1472 objecta
700 1379 877 1474 proturbat
898 1392 1032 1473 pectora
1053 1401 1179 1471 parma.

387 1505 436 1571 Ac
456 1498 556 1570 simul
574 1487 765 1569 infrendens
785 1527 793 1569 ι
813 1501 925 1570 «Siste
942 1500 1049 1588 hunc,
1066 1522 1201 1588 vesane,
1219 1498 1379 1586 furorem,

387 1624 550 1716 Quisquis
571 1648 615 1692 es.
627 1651 645 1686 n
664 1625 707 1692 Et
727 1624 854 1717 pariter
874 1623 1065 1717 Capaneus,
1085 1645 1227 1714 acerque
1244 1620 1378 1690 reducto

335 1739 338 1748 ¹
387 1744 504 1816 Adfuit
519 1737 775 1839 Hippomedon,
795 1758 951 1836 rectoque
969 1743 1208 1836 Erymanthius
1227 1766 1324 1830 ense,

387 1871 436 1937 Ac
449 1868 606 1959 juvenem
622 1863 732 1965 multo
750 1865 979 1959 perstringunt
998 1862 1133 1932 lumine.
1160 1868 1203 1934 At
1225 1861 1303 1932 inde

386 1992 564 2081 Agrestum
582 2011 642 2080 pro
658 2011 737 2080 rege
753 2011 871 2054 manus
890 2011 898 2053 ι
916 2010 1001 2078 quos
1018 1986 1105 2054 inter
1120 1984 1284 2056 Adrastus

387 2111 575 2198 Mitior,et
592 2109 689 2177 sociae
708 2106 835 2176 veritus
854 2109 1054 2176 commercia
1074 2109 1161 2176 vittae

388 2231 612 2324 Amphiaraus
632 2231 678 2298 ait
699 2254 707 2297 :
727 2231 803 2299 «Ne
821 2253 933 2324 quaeso
953 2254 960 2298 :
983 2229 1135 2298 absistite
1150 2228 1257 2317 ferro,

388 2353 486 2421 Unus
503 2377 602 2421 avum
621 2353 775 2446 sanguis3
795 2375 878 2420 neve
898 2349 1069 2446 indulgete
1085 2349 1217 2422 limari:

387 2479 505 2570 Tuque
524 2476 655 2570 prior.»
674 2474 740 2543 Sed
760 2499 827 2543 non
845 2474 960 2543 sedato
980 2488 1113 2569 pectore
1130 2471 1263 2569 Tydeus

387 2597 529 2690 Subjieit
547 2622 555 2663 :
574 2598 703 2665 «Anne
721 2595 841 2663 ducem
859 2598 1137 2689 servatricemque
1154 2595 1302 2667 cohortis

388 2718 532 2787 Inachiae
549 2718 687 2812 ingratis
704 2742 817 2786 coram
836 2730 886 2787 tot
900 2715 1047 2787 millibus
1063 2716 1165 2786 audes

386 2844 537 2910 Mactare
557 2840 591 2906 in
614 2836 782 2907 tumulos?
799 2839 916 2932 quanti
934 2863 996 2934 pro
1014 2837 1140 2907 funeris
1158 2837 1263 2909 ultor!

387 2963 451 3031 Cui
471 2986 631 3055 regnum,
651 2962 851 3055 genitorque
867 2961 995 3047 Thoas,
1016 2975 1048 3029 et
1068 2959 1198 3031 lucidus
1217 2966 1312 3033 Euan

388 3084 508 3178 Stirpis
524 3106 605 3151 avus
624 3108 632 3149 :
653 3082 826 3151 tumidone
846 3108 982 3177 parum,
1002 3078 1111 3175 quod,
1129 3086 1286 3178 gentibus
1304 3087 1374 3153 actis

391 3203 547 3297 Undique
567 3206 602 3271 in
624 3228 717 3272 arma
737 3204 822 3292 tuis,
844 3204 932 3272 inter
951 3202 1068 3298 rapida
1088 3204 1223 3299 agmina
1243 3226 1352 3300 pacem

389 3324 486 3395 Solus
503 3325 627 3394 habes?
642 3324 848 3419 habeasque,
864 3339 898 3393 et
915 3340 947 3394 te
965 3325 1104 3393 victoria
1118 3327 1262 3396 Graium

387 3448 540 3516 Inveniat
561 3444 696 3515 tumulis
716 3424 900 3515 etiamnum
920 3446 989 3516 haec
1009 3445 1074 3515 lata
1095 3462 1321 3541 gementem.»

435 3571 574 3639 Dixerat
592 3595 599 3635 :
618 3582 651 3637 et
668 3567 801 3636 tandem
820 3581 997 3637 cunctante
1015 3568 1199 3639 modestior
1217 3572 1267 3640 ira

386 3692 448 3762 llle
467 3691 569 3761 refert
588 3718 596 3759 ε
619 3690 812 3784 «Equidem
831 3716 899 3760 nou
918 3716 977 3760 vos
993 3691 1037 3761 ad
1056 3694 1176 3763 moenia
1194 3694 1324 3766 Thebes

387 3814 513 3901 Rebar,
530 3828 564 3882 et
578 3810 715 3881 hostiles
733 3811 800 3880 huc
819 3812 990 3882 advenisse
1007 3810 1167 3883 cateruas.

388 3935 519 4029 Pergite
537 3934 572 4002 in
590 3932 772 4002 exscidium
791 3933 888 4021 socii,
910 3935 937 4003 si
955 3949 1046 4003 tanta
1064 3934 1237 4031 voluptas,

388 4055 581 4149 Sanguinis,
602 4054 740 4123 imbuite
755 4079 847 4123 arma
866 4053 972 4145 domi,
990 4058 1176 4151 atque-haec
1195 4059 1289 4129 irrita
1303 4056 1406 4127 dudum
