2934 4950
394 490 446 527 ιω
534 436 540 443 ’
697 472 1040 532 remamosnnm
1060 476 1127 532 vu.
1322 471 1414 535 trost

390 599 496 667 Nocte
517 597 628 669 ferunt
648 600 749 671 tacita
768 624 776 668 :
795 624 883 669 taevo
899 599 1076 671 decurrere
1096 624 1215 694 cumpo

387 720 602 789 OEnomaum
618 745 678 791 sua
695 722 771 791 Pisa
786 720 900 791 refert.
916 718 1092 791 Acheloon
1107 735 1251 815 utroque

386 838 581 911 Deformem
599 866 703 912 cornu
721 866 828 938 vagus
843 842 1031 913 infamabat
1046 847 1212 915 Acarnan.

384 964 521 1031 Perseos
540 962 687 1059 effigiem
704 978 857 1035 moestam
875 979 1082 1060 exorantque
1095 966 1247 1059 Mycenae

384 1083 570 1156 Confusum
590 1086 733 1156 lunonis
751 1086 837 1156 ebur
853 1102 863 1156 t
881 1088 1011 1183 mugire
1032 1100 1203 1181 potentem

382 1206 532 1277 Inachon
552 1206 725 1304 agricolae,
747 1209 872 1304 gemini
892 1210 994 1279 maris
1015 1207 1129 1279 incola
1147 1223 1263 1279 narrat

380 1328 579 1400 Thebanum
599 1344 671 1400 toto
692 1328 859 1426 planxisse
874 1328 1065 1405 Palaemona
1083 1347 1200 1427 ponto.

380 1454 459 1521 Hoec
478 1450 574 1522 audit
592 1450 736 1548 Pelopea
753 1449 919 1549 pbalanx;
938 1452 996 1523 aed
1014 1451 1156 1527 bellicus
1172 1452 1274 1525 ardor

378 1572 536 1645 Consiliis
550 1574 664 1645 obstet
680 1574 823 1665 Divum,
843 1575 1069 1671 prohibetque
1086 1577 1209 1645 timeri.

424 1700 498 1767 Jam
517 1698 627 1793 ripas,
646 1699 777 1793 Asope,
799 1712 893 1789 tuas,
913 1701 1095 1793 Bmotaque
1113 1712 1251 1770 ventum

377 1816 549 1905 Flumina3
569 1842 638 1889 non
659 1842 750 1889 ausae
768 1820 995 1889 uanemittere
1015 1822 1171 1915 protinus
1190 1819 1250 1893 abe

375 1941 540 2012 Hostilem
559 1940 717 2031 fluvium3
736 1942 823 2012 forte
842 1957 877 2012 et
894 1941 1142 2039 trepidantibus
1159 1944 1277 2041 ingens

375 2063 610 2137 Descendebat
626 2066 738 2163 egris,
760 2069 891 2137 animos
910 2068 981 2139 sive
998 2067 1149 2137 imbrifer
1166 2091 1284 2153 arcus,

373 2191 439 2259 Seu
460 2202 620 2259 montana
638 2188 731 2259 dedit
749 2190 875 2277 nubea,
894 2212 952 2259 eeu
970 2189 1119 2259 fluminis
1139 2188 1196 2259 illa

372 2314 472 2383 Meus
491 2311 574 2400 fuit,
590 2312 812 2407 objectusque
829 2308 919 2382 vado
934 2327 1031 2407 pater
1047 2336 1142 2382 arma
1160 2312 1302 2383 vetabat

419 2440 515 2507 Tunc
532 2434 620 2507 serus
640 2436 879 2534 Hippomedon
896 2459 1020 2533 magno
1035 2458 1114 2506 cum
1134 2434 1295 2532 fragmine
1312 2434 1376 2530 ripn

371 2563 597 2634 Cunctantem
617 2559 739 2656 dejecit
757 2583 902 2654 equum,
921 2558 1133 2653 ducibusque
1151 2555 1276 2628 relictis

371 2685 513 2780 Gurgite
531 2681 573 2753 de
591 2681 703 2752 medio
720 2681 824 2756 frenis
845 2706 1044 2778 suspensus,
1063 2681 1235 2769 eternus,

371 2809 451 2876 «Ite
468 2806 552 2895 viti,
570 2803 714 2875 clamat:
736 2805 784 2874 sic
805 2829 863 2874 vos
883 2806 918 2873 in
936 2805 1059 2873 muenia
1076 2805 1206 2902 primus

369 2934 520 3017 Ducere,
540 2929 588 2998 sic
608 2926 736 2997 clausas
753 2951 861 2997 voveo
878 2925 1087 3022 perbingere
1107 2925 1276 2996 Thebas.»

418 3051 635 3146 Praecipitant
652 3051 766 3120 cuncti
788 3049 909 3137 fluvio,
928 3048 1118 3144 puduitque
1136 3064 1277 3118 secutos.

368 3177 418 3245 Ac
437 3172 530 3243 velut
549 3173 703 3269 ignotum
721 3173 750 3242 si
768 3172 905 3268 quando
924 3185 1077 3242 armenta
1095 3195 1303 3268 peromnem

347 3378 352 3388 ,
369 3298 488 3366 Pastor
505 3295 594 3390 agit,
614 3307 680 3363 stat
697 3295 792 3363 triste
812 3319 931 3390 pecus,
952 3291 1071 3388 procul
1089 3291 1193 3363 altera
1212 3292 1309 3363 tellus

369 3415 554 3504 Omnibus,
572 3429 607 3485 et
625 3413 692 3484 late
710 3414 841 3485 medius
859 3415 961 3484 timor
977 3439 986 3482 ε
1004 3428 1057 3483 ast
1073 3413 1133 3484 ubi
1152 3414 1273 3484 ductor

367 3543 499 3608 Taurus
517 3537 598 3628 init,
620 3536 765 3633 fecitque
782 3536 926 3625 vadum,
946 3552 1027 3606 tunc
1046 3535 1182 3607 mollior
1199 3537 1306 3625 unda,

226 3690 230 3700 ·
368 3663 465 3731 Tunc
481 3659 594 3730 faciles
613 3659 737 3750 saltus,
754 3663 899 3754 visaeque
920 3659 1078 3730 accedere
1095 3661 1190 3754 ripae.

417 3783 517 3853 Haud
531 3781 650 3877 procul
668 3783 746 3852 ind'e
757 3782 895 3878 jugum,
908 3783 1056 3876 tutisque
1068 3781 1285 3852 accommoda
1301 3777 1392 3849 castris

369 3909 461 3978 Arva
482 3919 619 3994 notant,
640 3905 730 3975 unde
750 3905 868 3975 urbem
886 3906 988 3976 etiam
1005 3919 1182 4000 turresque
1201 3902 1309 3974 videm

371 4027 527 4098 Sidonias
545 4025 700 4122 :placuit
721 4026 834 4115 sedes,
854 4023 983 4122 fidique
1002 4039 1175 4122 receptus,

368 4147 464 4219 Colle
481 4172 544 4244 per
564 4146 730 4218 excelsum
751 4147 884 4239 uatulo,
904 4173 1003 4243 quem
1023 4148 1138 4219 subter
1157 4164 1272 4245 aperto
