2934 4950
373 429 426 481 ¹7⁰
695 408 910 468 mutulos
930 408 1044 468 LIBER
1065 411 1087 464 l.
1317 408 1396 469 (rat.)

368 538 480 626 Quem
496 561 584 607 nova
601 539 724 606 maturi
744 539 941 608 subeuntem
960 561 1076 606 exorsa
1096 534 1243 631 parentis

368 659 544 727 AEteruum
561 657 625 727 sibi
641 662 751 728 Roma
768 659 863 752 cupit
878 683 886 726 :
904 655 981 727 licet
999 659 1121 728 arctior
1138 680 1254 726 omues

367 778 480 847 Limes
497 793 576 874 agat
593 775 725 868 stellas,
745 793 778 849 et
796 792 829 850 te
850 777 948 873 pla‘ga
964 776 1075 848 lueida
1095 775 1167 848 coeli

367 895 563 990 Pleiadum,
582 901 782 995 boreaeque,
803 914 836 968 et
855 897 957 968 hiulci
977 896 1125 967 fulminis
1145 921 1261 991 expers

368 1019 551 1109 Sollicitet‘3
571 1020 647 1091 licet
663 1019 857 1116 ignipedum
876 1019 1025 1088 frenator
1043 1041 1206 1112 equorum

367 1145 443 1236 Ipse
464 1143 529 1210 tuis
547 1141 614 1212 alte
633 1141 820 1210 radiantem
835 1139 983 1210 crinibus
1002 1163 1118 1214 arctum

367 1262 561 1355 Imprimat,
578 1275 637 1331 aut
656 1261 769 1356 magni
786 1259 881 1329 cedat
898 1259 958 1329 tibi
976 1260 1129 1354 Juppiter
1145 1283 1239 1352 aequa

365 1383 464 1450 Parte
480 1378 571 1476 poli;
590 1405 727 1450 maneas
742 1380 916 1449 hominum
937 1393 1115 1449 contentus
1134 1377 1289 1464 habenis,

365 1500 543 1571 Undarum
562 1515 724 1594 terraeque
740 1515 874 1594 potens,
891 1515 926 1569 et
944 1499 1055 1570 sidera
1069 1497 1201 1570 dones„

365 1624 511 1716 Tempus
528 1623 611 1710 erit,
628 1646 705 1690 curn
725 1621 833 1691 Pierio
855 1636 914 1692 tua
928 1619 1047 1692 fortior
1063 1633 1164 1688 oestro

366 1746 465 1810 Facta
481 1766 600 1811 canam
613 1767 622 1810 z
637 1765 729 1812 nunc
743 1741 843 1813 tendo
859 1739 989 1832 chelyn.
1004 1740 1090 1809 Satis
1106 1765 1197 1810 arma
1215 1741 1337 1810 referre

365 1863 493 1951 Aonia,
514 1876 549 1931 et
565 1864 704 1958 geminis
723 1877 893 1957 sceptrum
914 1861 1045 1932 exitiale
1067 1864 1234 1956 tyrannis,
1321 1859 1324 1866 ’

365 1985 435 2052 Nec
451 1983 547 2052 furiis
566 1997 641 2076 post
658 1983 728 2054 fata
745 1982 903 2072 modum,
920 1981 1138 2078 flammasque
1155 1982 1292 2052 rebelles

366 2101 534 2172 Seditione
550 2104 642 2198 rogi,
659 2100 865 2198 tumulisque
883 2104 1031 2174 carentia
1051 2127 1168 2198 regum

364 2226 514 2312 Funera,
533 2237 567 2294 et
582 2237 708 2318 egestas
726 2218 862 2292 alteruis
881 2223 1043 2294 mortibus
1063 2222 1173 2294 urbes.

363 2339 497 2412 Caerula
514 2367 618 2437 quum
634 2341 749 2412 rubuit
768 2345 907 2412 Lernaeo
921 2345 1083 2437 sauguine
1103 2344 1221 2433 Dirce,

362 2466 405 2532 Et
421 2461 538 2533 Thetis
556 2477 686 2563 arentes
706 2474 875 2534 assuetum
889 2463 1051 2559 stringere
1068 2464 1174 2561 ripas,

362 2584 503 2652 Horruit
520 2584 648 2679 ingenti
668 2584 858 2653 venientem
875 2585 1033 2654 Ismenon
1049 2610 1179 2655 acervo.

362 2704 474 2793 Quem
491 2703 586 2797 prius
604 2702 766 2791 heroum,
787 2702 879 2790 Clio,
897 2702 1013 2774 dabis?
1034 2704 1250 2777 immodicum
1272 2708 1329 2777 irae

361 2822 494 2917 Tydea?
511 2821 670 2919 laurigeri
684 2822 812 2894 subitos
829 2848 871 2893 au
892 2826 975 2894 vatis
990 2824 1124 2895 luatus?

360 2945 467 3037 Urget
485 2956 518 3011 et
534 2941 687 3012 hostilem
704 2941 894 3038 propellens
913 2943 1056 3015 caedibus
1071 2970 1204 3016 amnem

361 3062 530 3131 Turbidus
545 3046 801 3157 Hippomedon,
821 3062 1048 3160 plorandaque
1065 3064 1149 3137 bella
1168 3072 1318 3161 protervi

359 3181 527 3271 Arcados,
547 3196 648 3275 atque
664 3180 730 3253 alio
748 3186 925 3279 Capaneus
946 3186 1086 3259 horrore
1106 3188 1287 3259 canendus.

407 3304 515 3397 Impia
528 3304 599 3397 jam
619 3304 739 3372 merita
759 3319 925 3375 scrutatus
944 3301 1072 3379 lumina
1089 3306 1205 3381 dextra

358 3427 524 3495 Merserat
544 3436 668 3493 aeterna
685 3421 880 3495 damnatum
899 3440 997 3496 noete
1016 3427 1177 3522 pudorem

357 3541 569 3639 OEdipodes,
589 3541 756 3639 longaque
775 3546 925 3615 animam·
938 3547 1000 3617 sub
1016 3564 1125 3621 morte
1142 3550 1290 3623 tenebat

356 3662 456 3733 Illum
473 3661 701 3761 indulgentem
721 3664 888 3751 tenebris,
904 3667 1044 3763 imaeque
1062 3694 1194 3741 recessu

357 3783 465 3870 Sedis,
484 3784 671 3880 inaspectos
691 3782 791 3873 eoelo,
810 3785 977 3880 radiisque
994 3804 1130 3883 penates

356 3907 568 3994 Servantem,
587 3920 701 3977 tamen
720 3906 860 3977 assiduis
875 3910 1093 3983 circumvolat
1115 3911 1174 3983 alis

355 4027 447 4098 Saeva
464 4025 533 4095 dies
553 4028 677 4117 animi,
695 4029 923 4125 scelerumque
938 4030 971 4099 in
991 4045 1127 4125 pectore
1147 4036 1247 4103 Dirae.
