2934 4950
373 368 406 421 ιδ
731 368 761 420 Ρ.
783 365 905 420 PUBLII
925 365 1047 420 STATII
1317 381 1347 427 tv·
1359 377 1427 427 ¹⁶⁰)

418 497 463 563 At
479 507 510 562 te
524 506 714 561 nascentem
731 493 858 586 gremio
875 516 948 560 mea
964 492 1071 585 prime
1087 491 1211 584 recepit

370 612 600 706 Parthenope,
615 610 788 705 dulcisque
801 608 871 679 solo
888 624 924 678 tu
940 608 1045 706 gloria
1061 622 1175 678 nosttu

369 731 520 826 Reptasti
537 757 546 800 ε
563 730 706 801 nitidum
723 744 901 825 consurgat
916 729 958 798 ad
972 729 1095 798 ethera
1111 727 1206 798 tellus

370 850 511 940 Eubois,
526 864 560 920 et
574 849 714 946 pulchra
728 864 857 919 tumeat
872 848 1007 918 Sebetos
1023 846 1158 918 alumna
1173 875 1181 918 z

371 973 443 1040 Nec
458 971 518 1038 tibi
535 968 688 1039 sulfureis
703 970 857 1039 Lucrinae
873 968 997 1039 Naides
1012 970 1131 1066 nutris,

370 1092 443 1160 Nec
461 1091 655 1183 Pompeiani
672 1087 825 1184 placeant
839 1089 945 1183 magis
959 1089 1028 1156 otia
1043 1090 1150 1157 Serui.

371 1209 433 1275 Eia
448 1233 524 1303 ege,
541 1207 714 1302 praeclaros
729 1209 827 1277 Latio
843 1222 1019 1301 properate
1034 1222 1187 1302 nepotes,

329 1389 335 1396 .
372 1329 439 1416 Qui
458 1325 559 1421 leges,
577 1328 633 1420 qui
650 1341 757 1396 castra
771 1324 899 1419 legant,
915 1328 973 1420 qui
989 1329 1137 1395 carmina
1150 1326 1276 1398 ludant.

373 1447 543 1517 Accelenet
558 1462 657 1542 partu
674 1446 841 1519 decimum
854 1448 944 1516 bona
959 1448 1104 1541 Cynthia
1120 1446 1266 1518 n'teusem
1283 1475 1292 1517 :

372 1569 438 1638 Sed
452 1582 565 1663 parcat
580 1569 721 1653 Lucina,
739 1565 870 1662 precor!
889 1581 991 1660 tuque
1008 1569 1083 1662 ipea
1096 1571 1227 1662 parenti

372 1694 488 1777 Pasce,
504 1714 604 1784 puer3
619 1714 661 1756 ne
676 1687 811 1757 mollem
828 1702 976 1775 uterum,
993 1713 1035 1756 ne
1050 1690 1172 1756 stantia
1186 1686 1283 1756 laedas

371 1814 526 1895 Pectora3
543 1834 712 1904 quumque
729 1822 803 1877 tuos
818 1810 918 1877 tacito
932 1810 1063 1878 Natura
1079 1832 1207 1877 reeessu

372 1932 539 2000 Formnrit
554 1929 686 2017 vultus,
703 1927 846 1998 multum
861 1929 903 1998 de
918 1944 1012 2025 patre
1027 1929 1175 2015 decoris,

372 2050 451 2122 Plus
466 2049 507 2118 de
525 2063 630 2118 matre
645 2049 739 2118 feras.
756 2054 800 2118 At
815 2063 870 2132 tu,
889 2047 1112 2143 pulcherrima
1128 2050 1234 2118 forma

372 2170 546 2256 Italidum,
563 2168 697 2237 tandem
713 2170 834 2236 merito
849 2188 997 2263 possessa
1011 2171 1147 2256 marito,

372 2289 491 2359 Vincla
508 2288 564 2356 diu
580 2289 715 2381 quesita
731 2288 818 2356 fove.
835 2290 889 2357 Sic
906 2289 1028 2357 demna
1043 2289 1171 2358 decoris

374 2410 476 2485 Nulla
490 2412 566 2498 tibi;
582 2409 689 2505 lougae
705 2409 827 2479 virides
847 2411 893 2479 sic
909 2409 990 2480 flore
1003 2410 1149 2505 juvente

371 2533 559 2605 Perdurent
574 2529 700 2619 vultus,
717 2529 877 2624 tardeque
891 2532 960 2599 haec
975 2531 1083 2600 forma
1097 2528 1260 2601 senescat!
