2934 4950
366 469 404 534 aa
489 480 491 489 ·
685 457 745 510 ·r.
766 449 888 507 runnu
910 443 1032 501 smnn

365 598 429 662 Ter
431 614 491 660 ra
509 586 629 683 premit
646 581 722 650 felix
740 601 855 670 regum
873 568 1056 639 diademata
1072 567 1198 648 Roma3

366 719 461 783 Hanc
476 707 615 777 ducibus
629 703 758 772 frenare
773 697 913 764 datum:
931 713 1008 758 mox
1022 685 1136 754 erescit
1154 683 1188 750 in
1206 677 1279 748 illos

367 831 549 940 Imperium
563 823 715 918 Superis;
706 815 785 886 ·sed
801 813 925 883 habent
939 825 972 879 et
985 805 1123 876 numina
1138 801 1263 895 legem:

369 952 477 1022 Servit
493 963 525 1017 et
543 959 707 1015 astrorum
725 936 821 1008 velox
838 934 978 1015 chorus,
998 941 1032 996 et
1049 949 1132 1018 vaga
1150 919 1250 990 servit

368 1078 484 1155 Luna,
502 1092 562 1136 nec
581 1063 696 1158 injussi
717 1059 812 1129 toties
833 1053 919 1123 redit
939 1051 1047 1119 orbita
1057 1044 1152 1116 Solis.

369 1195 412 1260 Et
429 1185 550 1285 (modo
568 1185 595 1254 si
613 1182 660 1251 fas
676 1194 726 1249 est
741 1199 869 1272 aequare
883 1171 1024 1267 jacentia
1039 1161 1198 1256 summis)

370 1308 511 1383 Pertulit
526 1322 559 1376 et
574 1305 650 1373 saevi
666 1299 860 1394 Tirynthius
877 1291 1013 1363 horrida
1031 1290 1116 1384 regis

373 1435 491 1517 Pacta,
511 1452 572 1496 nec
592 1422 727 1494 erubuit
747 1415 936 1487 famulantis
954 1410 1061 1498 fistula
1081 1409 1206 1479 Pboebi.

420 1548 485 1620 Sed
501 1569 607 1639 neque
621 1540 799 1612 barbaricis
815 1535 912 1604 Latio
930 1532 1136 1601 transmissus
1157 1529 1198 1598 ab
1215 1527 1281 1596 oris
1299 1551 1306 1592 :

373 1675 512 1763 Smyrna
534 1665 594 1734 tibi
614 1659 735 1756 gentile
751 1641 875 1740 solum,
891 1665 1055 1748 potusque
1069 1647 1213 1718 verendo

270 1790 275 1806 '
374 1796 478 1860 Fonte
494 1785 618 1868 Meles,
637 1780 818 1871 Hermique
835 1773 976 1858 vadum3
998 1795 1064 1864 quo
1082 1767 1206 1862 Lydius
1224 1766 1334 1838 intrat

374 1908 541 1990 Bacchus,
557 1918 590 1971 et
605 1914 722 1969 aurato
740 1896 845 1966 reficit
864 1919 924 1962 sua
940 1916 1064 1960 cornua
1084 1889 1174 1958 limo.

375 2034 466 2099 Laeta
483 2023 603 2108 dehine
620 2020 738 2103 series,
758 2016 922 2106 variisque
939 2037 978 2081 ex
995 2009 1111 2078 ordine
1131 2009 1218 2078 curis

377 2154 502 2220 Auctus
517 2145 640 2226 honos;
656 2160 850 2233 semperque
866 2131 987 2229 gradus
1004 2156 1108 2227 prope
1123 2132 1275 2215 numina,
1292 2153 1443 2226 semper

377 2272 563 2339 Caesareum
581 2259 720 2330 coluisse
737 2257 841 2342 latus,
861 2254 1024 2346 sacrisque
1040 2257 1188 2322 Deorum

379 2388 514 2460 Arcanis
530 2384 654 2452 haerere
670 2379 795 2447 datum.
813 2376 963 2444 Tibereia
979 2371 1125 2468 primum

379 2506 468 2580 Aula
484 2506 567 2590 tibi,
594 2499 733 2571 vixdum
759 2522 819 2567 ora
835 2522 921 2565 nova
936 2509 1086 2564 mutante
1098 2496 1253 2589 juventa,
1300 2504 1309 2525 '

379 2626 542 2698 Panditur
558 2648 566 2690 τ
582 2622 655 2708 hic,
674 2619 770 2688 annis
786 2616 892 2686 multa
908 2641 1006 2711 super
1024 2614 1134 2685 indole
1149 2616 1263 2703 victis,

380 2748 531 2816 Libertas
547 2739 658 2811 oblata
676 2741 768 2807 venit
784 2764 792 2805 :
808 2762 869 2809 nee
886 2737 1055 2830 proximus
1070 2737 1193 2824 haeres,

381 2866 523 2937 Immitis
539 2886 729 2956 quanquam
747 2872 780 2927 et
801 2857 894 2926 furiis
910 2858 1070 2951 agitatus,
1089 2857 1208 2951 abegit.

430 2990 530 3057 Hunc
547 2998 581 3050 et
596 2985 630 3050 in
648 2984 785 3050 Arctoas
803 2978 910 3045 tenuis
927 3000 1036 3044 eomes
1052 3000 1156 3069 usque
1170 2976 1307 3070 pruinas

383 3101 578 3176 Terribilem
596 3099 698 3197 affatu
715 3122 829 3193 passus
845 3099 981 3189 visuque
997 3111 1175 3190 tyrannum

385 3233 634 3316 Immanemque
650 3218 737 3306 suis,
759 3231 798 3286 ut
817 3220 875 3310 qui
892 3215 1068 3286 metuenda
1083 3216 1227 3285 ferarum

387 3343 500 3417 Corda
515 3341 673 3428 domant,
691 3361 878 3430 mersasque
892 3337 1010 3431 jubent
1022 3338 1091 3432 jam
1107 3338 1265 3431 sanguine
1279 3348 1375 3405 tacto

387 3464 538 3537 Reddere
553 3462 594 3529 ab
610 3484 667 3529 ore
686 3482 821 3543 manus,
838 3472 871 3527 et
890 3456 981 3527 nulla
997 3458 1107 3526 vivere
1124 3454 1246 3552 praeda.

388 3586 575 3678 Praecipuos
591 3580 648 3650 sed
664 3581 754 3648 enim
772 3580 891 3647 merito
907 3579 1059 3647 subvexit
1074 3579 1109 3646 in
1126 3591 1219 3647 aetus

389 3703 551 3778 Nondum
567 3700 769 3795 stelligerum
787 3700 895 3767 senior
912 3697 1063 3768 dimissus
1080 3700 1114 3767 in
1134 3723 1229 3767 axem

392 3823 570 3908 Claudius,
590 3836 622 3891 et
638 3820 739 3916 longo
757 3820 937 3889 transmisit
955 3820 1076 3888 habere
1090 3820 1227 3889 Neroni.

393 3948 478 4036 Quis
492 3948 635 4038 Superos
649 3957 798 4011 metuens
814 3941 939 4037 pariter
952 3955 1004 4010 tot
1017 3939 1154 4035 templa,
1172 3952 1222 4008 tot
1235 3964 1309 4009 aras

395 4063 616 4133 Promeruisse
636 4062 759 4132 datur?
780 4063 899 4133 summi
917 4062 1007 4131 lovis
1023 4060 1127 4155 aliger
1145 4065 1245 4131 Arcas
