2934 4950
62 445 179 513 (eros.)
376 444 597 505 munitos
620 445 731 505 uum
751 446 818 505 m
1052 453 1107 511 105

60 574 242 671 Dignaris,
261 570 342 643 dum
362 588 471 644 castra
489 572 604 663 silent,
624 598 850 670 suspensaque
866 569 992 643 bellum

60 698 238 767 Horrescit
256 696 382 791 pietas,
402 696 545 791 genitrix
559 695 750 793 jubeoque,
767 705 933 794 rogoque,

59 820 76 885 Ι
97 842 251 908 mecum,
269 813 462 912 patriosque
479 820 588 907 Deos,
607 842 789 913 arsuraque
807 816 924 889 saltem

58 942 165 1009 Tecta
185 938 284 1025 vide,
304 938 527 1034 fratremque,
546 940 628 1034 quid
648 938 758 1011 aufers
776 937 925 1010 lumina?
941 937 1078 1010 fratreas

58 1060 263 1157 Alloquere,
282 1074 315 1130 et
330 1084 473 1157 regnum
488 1061 558 1157 jam
574 1086 628 1131 me
643 1061 706 1131 sub
719 1060 834 1156 judice
854 1084 965 1156 posce.

56 1185 126 1254 Aut
147 1182 263 1272 dabit,
279 1198 338 1253 aut
355 1182 481 1253 fenum
499 1207 601 1254 causa
620 1182 759 1255 meliore
774 1208 931 1253 resumes.

56 1309 161 1375 mine
174 1307 287 1394 times,
305 1330 347 1375 ne
362 1304 450 1375 sorte
469 1302 555 1394 doli,
572 1306 656 1376 et‘te
671 1306 805 1375 conscia
819 1318 929 1374 mater

56 1424 263 1523 Decipiami
280 1452 350 1497 non
368 1428 415 1496 sic
433 1424 640 1497 miseros'fas
659 1450 759 1496 omne
776 1434 912 1522 penates

55 1546 235 1645 Effingiet:
251 1550 308 1618 vix
327 1547 509 1645 OEdipode
528 1547 670 1619 ducente
685 1550 829 1619 timeres.

55 1671 170 1769 Nupsi
190 1668 362 1766 equidem,
376 1670 560 1766 peperique
578 1670 671 1741 nefas
688 1697 696 1740 ε
715 1670 774 1741 sed
790 1667 894 1767 diligo
910 1669 1012 1759 tales,

55 1794 108 1865 Ab
127 1789 248 1884 dolor,
264 1808 298 1864 et
312 1806 440 1865 vestros
458 1794 644 1865 etiamnum
661 1816 783 1888 excusa
800 1791 943 1862 furores.

56 1914 166 2004 Quod
185 1916 214 1985 si
233 1913 318 1985 adeo
334 1930 479 2012 perstas,
495 1913 588 1985 ultro
604 1917 683 2005 tibi,
700 1942 801 2008 saeve,
818 1914 1028 2014 triumphum

54 2034 252 2108 Demlimus
270 2063 279 2107 :
300 2034 405 2133 religa
422 2052 535 2133 captas
551 2038 585 2106 in
602 2052 698 2134 terga
715 2064 866 2129 sorores,

54 2160 163 2255 Injice
181 2156 291 2229 vincla
310 2158 393 2229 mihi
411 2186 419 2229 ι
437 2160 547 2256 gravis
564 2158 631 2229 bue
650 2175 823 2255 utcunque
838 2158 963 2231 feretur

54 2284 96 2351 Et
115 2284 231 2378 pater.¹
247 2280 301 2351 Ad
322 2273 472 2352 istrum
487 2282 629 2378 gemitus
646 2306 738 2352 nunc
756 2296 849 2351 verto
866 2282 1050 2379 pudorem,

53 2402 227 2476 lnaeffide
247 2429 255 2472 ε
279 2400 422 2500 liquistis
439 2403 529 2475 enim
550 2426 740 2500 paruosque
756 2428 937 2499 senesque,
1091 2412 1099 2423 '

55 2531 98 2596 Et
114 2526 282 2621 lacrymas
300 2524 361 2596 has
378 2525 520 2620 quisque
536 2525 645 2617 domi;
666 2550 726 2594 sua
746 2525 872 2597 credite
890 2528 989 2595 matri

55 2650 198 2718 Viscera
218 2674 227 2717 ε
245 2649 272 2718 si
290 2647 385 2718 vobis
400 2649 457 2718 hic
472 2672 577 2742 parvo
597 2648 634 2716 in
650 2661 801 2742 tempore
819 2672 932 2735 carus,

55 2771 174 2864 Sitque
186 2793 317 2865 precor,
326 2769 408 2865 quid
422 2793 492 2857 me,
503 2773 589 2858 oro,
607 2765 725 2840 decet?
739 2767 861 2864 quidve
870 2771 949 2859 ista,
962 2767 1109 2865 Pelasgi,

55 2889 192 2961 Ubera?
210 2890 254 2960 ab
267 2893 431 2986 Hyrcanis
446 2891 512 2962 boc
528 2889 736 2987 Odrysisque
754 2888 902 2960 tulissem

55 3013 228 3110 Regibus,
247 3028 281 3083 et
294 3013 323 3082 si
336 3015 393 3108 qui
410 3028 544 3084 nostros
561 3014 671 3083 vicere
688 3012 831 3083 furores.
880 3047 884 3056 -

54 3136 224 3223 Annuite,
242 3149 300 3206 aut
315 3149 431 3204 natum
445 3133 617 3230 complexa
628 3133 815 3232 ‘superstite
831 3133 920 3205 bello

56 3259 122 3328 Hic
139 3257 275 3327 moriar.
290 3287 308 3322 a
326 3254 486 3326 Tumidas
502 3254 702 3353 frangebant
719 3256 809 3326 dicta
823 3256 996 3344 cobortes,

53 3380 291 3473 Nutantesque
307 3379 418 3448 virum
436 3377 568 3474 galeas,
588 3392 622 3448 et
640 3403 758 3473 sparsa
776 3377 903 3447 videres
950 3425 954 3432 ·

55 3499 207 3570 Fletibus
224 3524 316 3571 arma
337 3501 425 3596 piis:
443 3497 557 3594 quales
577 3499 634 3569 ubi
652 3496 717 3568 tela
733 3499 889 3593 virosque

56 3624 204 3693 Pectoris
226 3597 370 3717 impulsu
385 3621 496 3717 rapidi
515 3635 660 3691 stravere
678 3619 805 3710 leoncs3

56 3745 215 3816 Protinus
232 3746 284 3814 ira
300 3746 422 3829 minor,
442 3743 656 3840 gaudentque
672 3744 707 3811 in
725 3766 866 3837 corpore
883 3757 982 3837 capto

41 3869 215 3969 2Securam
234 3863 370 3935 differre
386 3863 507 3936 famem
526 3890 533 3933 :
554 3865 601 3934 sic
620 3863 705 3934 flexa
722 3861 899 3958 Pelasgum

57 3987 169 4056 Corda
188 3984 321 4075 labant,
339 3986 486 4081 ferrique
504 3983 620 4056 avidus
639 3989 873 4056 mansueverat
891 3987 1001 4056 ardor.

108 4113 181 4204 lpse
201 4111 301 4178 etiarn
319 4123 395 4178 ante
414 4133 527 4179 onmes
547 4134 637 4182 nunc
656 4109 772 4178 matris
786 4106 828 4176 ad
842 4107 956 4177 oscula
976 4133 1105 4197 versus,
