2934 4950
29 351 31 366 '
89 413 112 462 t'·
123 409 147 461 ¹-i
418 401 610 456 SILVARUM
631 399 740 456 LIBER
760 401 797 455 11.

90 527 337 548 mmm

584 858 637 942 V.

243 1156 247 1162 '
336 1144 434 1212 LEO
460 1143 763 1213 MANSUETUS
787 1144 887 1209 IMP.

137 1830 237 1918 Qum
258 1829 318 1897 tibi
337 1843 505 1898 constratu
524 1855 753 1900 mansuescere
773 1829 899 1925 profuit
919 1831 992 1898 ira?

98 1948 185 2038 Quid
206 1948 326 2036 scelus,
344 1951 574 2045 humanusque
593 1953 706 2020 animo
727 1951 893 2021 dediscere
908 1950 1032 2038 credes,

98 2072 342 2165 Imperiumque
359 2072 444 2166 peti,
465 2084 497 2141 et
517 2071 653 2141 domino
674 2097 791 2166 parere
806 2072 954 2140 minori?

99 2190 199 2281 Quid,
210 2190 312 2286 'quod
330 2191 422 2260 abire
442 2190 556 2279 domu,
574 2217 754 2286 rursusque
771 2193 806 2260 in
825 2191 970 2262 claustra
990 2194 1111 2260 reverti

100 2313 227 2401 Suetus,
247 2328 282 2381 et
298 2338 317 2381 a
336 2327 434 2407 capta
449 2315 519 2407 jam
538 2327 656 2408 sponte
671 2313 825 2383 recedere
844 2312 971 2408 praede,

101 2434 306 2529 Insertusque
321 2457 440 2503 manus
459 2431 534 2503 laxo
553 2432 720 2505 dimittere
742 2433 881 2504 morsu?

143 2554 294 2643 Occidis,
312 2552 455 2623 altarum
475 2568 621 2624 vastator
638 2580 722 2625 saeve
743 2554 908 2641 ferarum,

102 2676 172 2743 Non
192 2700 295 2771 grege
310 2674 473 2769 Massy10,
489 2699 658 2770 curvaque
673 2675 832 2770 indagine
850 2674 996 2767 clausus,

103 2797 172 2865 Non
187 2796 367 2866 formidato
386 2822 486 2892 supra
501 2795 665 2866 venabula
684 2794 771 2865 saltu

103 2920 236 3007 lucitus,
254 2931 313 2986 aut
330 2942 415 2986 eaeco
432 2918 533 2988 foveae
549 2917 706 3012 deceptus
725 2918 833 3007 hiatu,

105 3038 162 3108 Sed
176 3042 284 3109 victus
305 3038 452 3134 fugiente
467 3040 556 3127 sera3
573 3053 638 3109 stat
655 3040 791 3109 cardine
809 3054 925 3135 aperto

106 3160 216 3231 Infelix
232 3186 354 3249 cavea,
372 3174 405 3230 et
424 3159 542 3230 clausis
563 3145 688 3230 circum
707 3161 857 3255 undique
876 3163 981 3256 portis

108 3283 171 3352 Hoc
188 3282 321 3353 licuisse
337 3282 428 3351 nefas
444 3281 557 3377 pavidi
576 3284 717 3353 timuere
737 3282 858 3352 leones.

109 3403 193 3474 Tunc
208 3405 339 3473 cunctis
358 3401 505 3473 cecidere
522 3404 632 3498 jubes,
653 3403 839 3499 puduitque
855 3402 997 3473 relatum

111 3524 272 3617 Aspicere,
292 3500 325 3591 et
345 3536 455 3592 torvas
475 3523 599 3594 duxere
618 3521 799 3592 inlumina
818 3523 953 3592 frontes.

112 3644 149 3711 At
165 3658 197 3713 te
214 3669 285 3715 non
300 3643 411 3738 primo
430 3643 539 3714 fissum
560 3669 667 3714 novus
688 3644 800 3714 obruit
821 3645 890 3712 ictu

111 3759 163 3831 Ille
180 3765 309 3859 pudor;
330 3786 481 3833 mansere
500 3764 620 3852 enimi,
637 3766 809 3857 virtusque
823 3762 954 3832 cadenti

114 3884 257 3955 Amedia
271 3888 344 3982 jam
360 3898 468 3954 morte
488 3884 602 3955 redit:
624 3911 685 3955 nec
705 3886 858 3980 protinus
878 3910 994 3955 omnes

112 4003 205 4100 Terga
220 4006 344 4077 dedere
364 4007 464 4075 minae
485 4033 492 4075 :
515 4006 601 4076 sicut
616 4006 678 4075 sibi
697 4005 848 4075 conscius
864 4004 923 4075 alti
