2934 4950
104 403 203 466 (ιηῦ.)
414 398 626 456 Timentes
645 399 756 456 thtttlt
776 401 798 456 1.

103 533 188 597 Ferre
206 526 331 596 duces:
350 527 514 594 «Hancne
532 526 693 620 Ogygiis,
711 527 775 614 ait,
793 549 909 619 aspera
927 526 1029 596 rebus
1119 569 1123 575 ·

102 655 171 718 Fata
187 645 291 718 tulere
306 645 438 717 vicem?
451 647 552 716 toties
566 661 698 716 mutare
715 644 896 734 timendos,

100 770 291 864 Alter-noque
303 769 388 866 jugo
407 767 595 838 dubitantia
607 765 752 838 subdere
771 764 874 842 colla!

100 894 206 962 Partiti
219 907 354 963 versant
369 890 574 988 populorum
592 889 680 978 fata,
696 914 865 984 manuque

99 1019 270 1084 Fortunam
283 1013 391 1086 fecere
409 1012 526 1083 levem.
548 1015 728 1106 Semperne
744 1012 886 1080 vicissim

98 1133 263 1204 Exsulibus
279 1135 403 1206 servire
416 1131 547 1204 dabor?
564 1133 645 1220 tibi,
668 1157 795 1202 summe
812 1135 960 1204 Deorum

99 1259 334 1350 Terrarumque
353 1271 459 1345 sator,
476 1258 574 1326 sociis
591 1255 679 1326 hanc
696 1254 819 1326 addere
833 1267 978 1324 mentem

101 1377 204 1446 Sedit?
223 1401 268 1446 an
284 1378 363 1447 inde
380 1393 477 1446 vetus
493 1377 615 1447 Thebis
629 1375 821 1448 extenditur
837 1399 954 1462 omen,

99 1501 142 1566 Ex
156 1521 224 1592 quo
243 1497 372 1567 Sidonii
391 1499 615 1591 nequicquam
634 1494 757 1566 blanda
773 1497 908 1591 juvenci

100 1618 240 1688 Pondere
276 1617 460 1714 Carpathio
477 1619 591 1713 jussus
605 1615 674 1688 sale
694 1641 842 1711 querere
861 1615 1008 1686 Cadmus

98 1737 189 1808 Exsul
204 1741 375 1832 Hyanteos
392 1739 522 1808 invenit
536 1762 641 1832 regna
658 1763 718 1834 per
736 1760 853 1832 agros:

99 1863 329 1954 Frater-nosque
345 1860 430 1930 acies
445 1859 534 1930 forte
547 1857 674 1930 telluris
690 1859 786 1930 hiatu

99 1983 273 2077 Augurium
292 2003 383 2050 seros
399 1981 524 2050 dimisit
541 1981 693 2076 adusque
710 1980 868 2076 nepotes?

99 2103 224 2191 Cernis,
243 2117 283 2172 ut
301 2117 449 2172 erectum
468 2115 565 2171 torre
582 2101 646 2172 sub
661 2099 772 2172 fronte
792 2103 938 2172 minetur

99 2223 211 2291 Serior
227 2246 405 2316 aasmrgens
424 2221 560 2315 dempto
576 2237 730 2292 consorte
751 2219 921 2316 potestas?

98 2345 180 2431 Quas
192 2345 281 2440 gerit
295 2367 354 2411 ore
369 2341 500 2412 mines?
515 2354 642 2436 quanto
657 2343 780 2438 premit
797 2344 908 2414 omnia
922 2343 1036 2414 fastu?

98 2465 191 2535 Hicne
208 2488 361 2559 unquam
377 2463 530 2559 privatus
548 2462 635 2533 erit?
651 2477 766 2533 tamen
784 2461 839 2533 ille
853 2466 1002 2560 precanti

97 2586 195 2676 Mitis,
212 2600 248 2656 et
261 2584 368 2655 affatu
384 2583 494 2656 bonus
511 2598 546 2653 et
562 2584 742 2680 patientior
761 2584 858 2677 equi.

97 2706 178 2794 Quid
196 2705 343 2777 mirum?
360 2730 429 2775 non
445 2702 537 2800 solus
555 2720 637 2775 erat
656 2706 729 2777 Nos
746 2702 819 2773 vilis
836 2706 872 2774 in
892 2730 1008 2775 omnes

97 2828 245 2923 Prompu
265 2850 385 2896 manus
402 2850 498 2897 cneus
513 2824 651 2897 domino
666 2825 856 2919 cuicunque
876 2826 1021 2920 paratio

97 2946 237 3035 Qualiter
252 2947 333 3017 hinc
352 2944 480 3042 gelidus
497 2950 638 3035 Boreas,
657 2946 737 3017 hinc
753 2945 886 3015 nubifer
903 2948 1015 3015 Eurus

98 3065 168 3137 vm
182 3068 343 3154 trahunt,
360 3080 459 3137 nutat
478 3066 595 3137 medie
610 3064 748 3137 fortuna
762 3066 893 3137 carine.

98 3189 159 3257 Heu
173 3188 278 3259 dubio
294 3212 454 3285 suspensa
471 3202 583 3276 metu,
601 3186 839 3281 tolerandaque
856 3185 958 3260 nullis

98 3312 212 3403 Aspera
230 3335 303 3381 sors
320 3305 556 3404 populisi'llic
572 3309 738 3404 imperat:
755 3308 812 3381 ille
829 3312 987 3381 minatur.

135 3434 177 3501 tt
192 3432 283 3500 loris
303 3430 452 3525 imperiis
467 3429 577 3526 rapidi
597 3454 698 3527 super
715 3431 802 3502 atria
817 3430 892 3501 coeli

94 3554 205 3620 Lectus
224 3548 367 3621 concilio
382 3550 498 3623 dirum
517 3567 718 3626 convenerat
738 3552 822 3623 ordo

95 3667 245 3741 Interiore
261 3669 363 3766 polo:
378 3674 494 3767 spatiis
511 3673 592 3743 hinc
608 3673 722 3743 omnia
739 3674 835 3766 juxta

94 3788 267 3887 Primaque
282 3791 499 3889 occiduaeque
517 3794 654 3881 domus,
675 3791 781 3868 efficta
798 3793 862 3863 suh
883 3797 974 3864 omni

94 3909 186 3979 Terra
202 3928 303 4007 atque
324 3911 415 3985 unde
432 3913 508 3985 die:
526 3913 644 3985 mediis
661 3939 730 3985 sese
748 3912 873 3985 arduus
893 3915 999 3985 infert
1075 3912 1078 3940 ‘

93 4030 159 4123 lpse
176 4035 269 4122 Deio,
284 4034 418 4130 placido
437 4038 591 4131 quatiens
604 4051 718 4107 tamen
738 4036 850 4107 omnia
869 4034 984 4122 vultu,
