2934 4950
352 405 407 464 162
657 398 871 458 unanimos
891 399 1001 455 LIBER
1023 397 1075 453 tx.
1281 398 1317 462 (v.
1331 398 1391 460 595.)
1443 476 1444 479 Ἴ

348 536 419 604 Ora
437 529 566 618 ferens,
583 526 689 598 multo
709 529 910 623 proscissam
929 523 1068 594 vulnere
1082 527 1190 594 cernit

350 653 548 746 Deposuisse
565 673 712 737 comam,
732 668 767 718 et
785 662 938 718 rorantes
956 648 1120 741 sanguine
1138 669 1250 718 ramos

347 774 539 868 Exspirasse
555 771 626 843 solo
645 799 653 840 :
671 773 833 867 quaerenti
853 769 1011 867 Nympha
1028 784 1185 840 cruentas

346 895 534 984 Maenadas,
555 909 655 990 atque
673 895 805 964 hostem
826 890 912 963 dixit
926 893 1059 963 saevisse
1075 893 1225 986 Lyaeum.

346 1021 438 1090 Dum
457 1017 579 1113 gemit,
598 1031 631 1086 et
649 1014 789 1112 planctu
802 1013 991 1085 circumdat
1008 1027 1124 1109 pectus
1143 1014 1258 1100 inani,

345 1141 522 1236 Abrupere
542 1136 630 1210 oculi
650 1153 802 1223 noctem,
821 1151 1007 1232 moestoque
1026 1132 1130 1206 cubili

345 1259 480 1348 Exsilit,
500 1276 534 1331 et
551 1259 651 1330 falsos
671 1260 791 1355 quaerit
809 1284 870 1354 per
886 1257 1016 1327 lumina
1032 1257 1140 1327 fletus.

394 1386 485 1478 Ergo
502 1397 542 1452 ut
559 1383 594 1450 in
614 1405 712 1450 amne
730 1381 822 1450 nefas
842 1405 953 1450 merso
970 1395 1022 1450 ter
1039 1381 1134 1449 crine
1150 1379 1274 1472 piavit,

344 1504 521 1599 Verbaque
538 1502 694 1574 sollicitas
712 1519 859 1574 matrum
879 1502 1020 1573 solantia
1039 1528 1136 1572 curas

344 1625 500 1714 Addidit,
518 1641 655 1697 armatae
674 1629 744 1696 ruit
760 1626 803 1696 ud
821 1625 961 1695 delubra
980 1628 1114 1713 Dianae,

345 1751 435 1818 Rore
452 1749 514 1818 suh
532 1753 622 1836 Eoo,
641 1765 804 1843 notasque
823 1773 864 1817 ex
879 1749 998 1817 ordine
1016 1748 1133 1831 silvas,

345 1873 388 1938 Et
406 1893 565 1963 quercum
588 1871 701 1966 gavisa
717 1848 809 1940 videt
824 1897 831 1939 :
848 1885 930 1940 tunc
948 1869 1063 1940 limine
1082 1874 1177 1943 Divae

345 1990 499 2078 Adstitit,
518 2007 551 2062 et
566 1991 623 2061 tali
641 1993 865 2088 nequicquam
880 2017 962 2062 voce
976 2010 1153 2088 precatur:

393 2114 525 2209 «Virgo
543 2129 660 2209 potens
680 2139 874 2204 nemorum,
894 2120 988 2212 cujus
1008 2141 1077 2186 non
1098 2115 1213 2187 mollia
1229 2121 1327 2214 signa

344 2235 568 2330 Militiamque
586 2253 733 2324 trucem,
756 2263 869 2308 serum
890 2238 1082 2336 indignata,
1101 2241 1298 2336 frequento,

344 2360 441 2428 More
459 2357 544 2442 nihil
562 2360 687 2446 Grai03
705 2385 767 2429 nec
783 2375 815 2429 te
832 2385 913 2456 gens
931 2386 1047 2456 aspera
1069 2364 1135 2432 ritu

343 2481 496 2570 Colchis,
517 2484 747 2553 Amazoniaeve
764 2485 871 2580 magis
886 2482 1020 2555 coluere
1033 2501 1195 2556 catervae:

344 2606 379 2674 Si
394 2604 477 2673 mihi
497 2629 566 2673 non
584 2628 734 2699 uuquam
764 2604 883 2691 thiasi,
901 2605 1040 2677 ludusve
1056 2623 1222 2702 protervae

345 2729 481 2810 Noctis,
501 2741 536 2796 et
553 2726 661 2796 inviso
680 2730 835 2820 quamvis
854 2742 1015 2800 temerata
1035 2728 1155 2816 cubili,

345 2852 376 2919 N
378 2874 422 2917 on
443 2862 554 2918 tamen
572 2863 630 2919 aut
648 2862 767 2919 teretes
786 2849 936 2944 thyrsos,
956 2867 1015 2920 aut
1034 2850 1148 2925 mollia
1166 2856 1251 2948 gessi

343 2958 470 3059 Pensa,¹
490 2971 545 3041 scd
565 2974 599 3041 in
620 2972 746 3042 tetricis
761 2984 794 3041 et
813 2988 889 3066 post
905 2974 1074 3045 connubia
1090 2974 1222 3063 lustris,

343 3096 397 3164 Sic
413 3116 548 3189 quoque
567 3096 736 3183 venatrix,
757 3096 973 3190 animumque
992 3099 1135 3190 innupta
1152 3102 1317 3167 remansi:

345 3220 414 3288 Neo
434 3216 515 3284 mihi
531 3216 663 3286 secretis
680 3213 818 3309 culpant·
827 3214 1000 3285 occultare
1017 3217 1078 3285 sub
1093 3220 1198 3288 antris

343 3340 452 3424 Cura,
471 3336 528 3407 sed
546 3334 676 3406 ostendi
697 3349 832 3423 natum,
854 3340 1015 3433 posuique
1034 3353 1228 3407 trementem

342 3464 429 3528 Ante
447 3474 521 3527 tuos
541 3456 692 3529 confessa
710 3455 839 3555 pedes:
862 3484 924 3528 nec
945 3458 1090 3556 degener
1110 3456 1166 3529 ille
1226 3434 1232 3447 Ι

343 3582 541 3675 Sanguinis,
560 3558 662 3674 inque
680 3604 773 3649 meos
790 3582 934 3675 reptavit
951 3581 1106 3675 protinus
1123 3606 1239 3669 arcus3

342 3699 421 3770 Tela
442 3724 524 3796 puer
545 3700 699 3797 lacrymis
717 3716 751 3771 ct
768 3704 878 3798 prima
897 3728 979 3771 voce
995 3705 1158 3799 poposcit.

342 3826 440 3892 Hunc
452 3824 535 3892 mihi
548 3820 645 3917 (quid
657 3822 793 3919 trepidae
806 3838 934 3912 noctes,
948 3848 1152 3918 somnusque
1164 3821 1373 3915 minantur?),

342 3946 456 4031 Hunc,
473 3970 603 4040 precor,
625 3944 743 4015 audaci
763 3948 821 4040 qui
839 3969 930 4017 nunc
948 3946 991 4016 ad
1009 3945 1128 4041 proelia
1146 3946 1227 4018 voto

340 4069 414 4135 Heu
436 4067 577 4136 nimium
592 4067 651 4137 nbi
670 4068 749 4137 lisus
770 4070 856 4159 abit,
875 4067 920 4138 da
936 4070 1043 4137 visere
1059 4068 1138 4137 belli
