2934 4950
322 385 379 451 340
445 345 448 352 ⁴
695 383 991 442 muorsrrours

320 499 427 556 omnib.
450 501 539 555 Gron.
556 520 562 553 ι
581 501 810 574 «speculataque
830 510 943 575 tempus
962 499 1094 569 Auxilio,
1109 510 1271 569 tentemus,
1296 498 1345 556 ait
1359 523 1372 548 ι

320 593 409 666 Quod
420 593 477 666 jam
494 597 623 649 Gronov.
636 593 720 667 jussit
733 594 845 668 reponi.

365 689 435 761 Qur's
445 688 569 762 pignora
583 699 664 742 tanta
681 684 719 764 (v.
733 683 811 763 479).
828 710 841 738 (ι
856 684 966 760 Optimi
981 704 998 741 a
1012 685 1080 741 libri
1094 687 1174 741 muti.
1189 684 1317 759 Scripsit
1336 686 1373 738 sic

321 780 465 855 Papinius.
479 805 490 829 »ι
505 782 614 836 Bnnrn.

361 873 508 942 Dejectam
526 875 555 929 iu
573 874 680 928 lumino
696 874 811 948 pollam
828 860 903 927 Diuo
917 871 1007 926 trahit
1027 868 1065 947 (v.
1081 870 1138 945 495
1154 871 1219 946 sq.).
1234 871 1372 952 «Eacicrr
1453 878 1454 899 ¹

319 984 400 1023 mun
412 966 560 1042 chlamyde
573 966 759 1040 protegebat,
773 984 809 1021 ne
822 964 915 1020 Furiae
935 965 1046 1019 vultum
1060 964 1180 1020 videret.
1195 987 1211 1014 ι
1227 965 1343 1020 Bam.
1453 988 1454 1025 l

362 1061 487 1120 runata
504 1059 587 1133 nesae
602 1057 640 1137 (u
657 1057 734 1134 505).
750 1060 821 1114 PR:
837 1058 1008 1131 «flamruote
1020 1077 1049 1113 n.
1062 1081 1075 1106 ι

364 1153 463 1208 Minor
474 1153 573 1208 umbra
594 1151 633 1230 (v.
655 1149 733 1230 508).
749 1151 826 1207 Victi
842 1150 917 1226 regis
929 1151 1040 1205 umbra.
1057 1149 1099 1206 Cf.
1116 1153 1203 1205 Lecr.

363 1249 445 1302 Hunc
461 1266 523 1302 esse
540 1265 665 1302 cruorem
684 1243 723 1323 (v.
746 1243 824 1320 515).
843 1247 900 1301 Pro
915 1262 978 1299 esse
992 1246 1075 1300 multi
1090 1243 1176 1300 codd.
1191 1265 1199 1298 z
1213 1245 1278 1312 ille,
1291 1263 1314 1298 c.
1334 1247 1368 1320 gl.

324 1340 500 1415 «Polynices.
511 1363 527 1390 u

364 1433 530 1506 Mutantque
547 1433 676 1488 rudentes
690 1431 727 1506 (v.
745 1427 823 1506 521).
834 1452 849 1480 α
859 1429 894 1485 ld
908 1441 949 1485 est
963 1428 1134 1504 permiscent
1148 1441 1178 1486 et
1195 1430 1368 1503 hplicant·
1453 1506 1454 1521 χ

323 1527 422 1581 Gross.
436 1526 532 1582 Barth.
543 1525 619 1598 conj.
636 1546 644 1580 t
659 1549 674 1576 α
688 1525 907 1597 mutilaatque.»

363 1618 468 1674 Erexit
477 1631 597 1694 pectora
616 1618 684 1674 retu
702 1615 741 1693 (v.
761 1614 840 1694 ⁵31).
861 1615 994 1673 Heinsius
1016 1617 1060 1671 ad
1081 1617 1133 1672 Sil.
1156 1619 1214 1686 le,
1237 1636 1265 1688 r,
1287 1625 1367 1683 aaa:

325 1733 337 1760 ι
349 1728 388 1765 er.
409 1722 521 1786 ΙθῙξΟΓα
539 1730 559 1766 S.
574 1735 586 1760 o

363 1803 516 1862 Peroctum
532 1801 569 1878 (r.
583 1800 659 1879 536).
675 1801 855 1859 Conveniens
867 1800 934 1858 huic
948 1811 1095 1858 structurae
1103 1801 1220 1858 videtin
1232 1814 1279 1857 est
1288 1801 1367 1858 addi-
1453 1776 1454 1829 i

323 1906 385 1952 tum
399 1896 429 1950 in
449 1897 531 1952 MSS.
547 1896 659 1970 aliquot
671 1896 765 1952 bonis.

364 1999 457 2064 Atque
473 1991 605 2063 mercpot
622 1987 700 2044 hosti
724 1985 763 2066 (v.
780 1985 858 2064 547).
873 1988 1000 2044 Omnino
1018 1999 1096 2046 recte
1117 1988 1254 2045 Bartbius
1272 1985 1366 2066 (quen

324 2078 402 2160 vide)
422 2081 597 2156 :cincrepat
616 2081 723 2151 hostat,
737 2105 752 2134 u
775 2092 808 2138 ut
833 2082 963 2156 praebent
980 2093 1057 2138 certe
1074 2084 1163 2166 Dum,
1186 2083 1368 2152 Petav.,1>u.
1453 2086 1454 2089 ’

324 2174 391 2229 sort.
407 2175 508 2246 etalii,
523 2176 815 2251 cumglossographo.
831 2174 919 2244 Quod
939 2174 1042 2230 sinon
1060 2172 1199 2248 recipias,
1214 2173 1368 2248 inexplica-
1453 2244 1454 2255 χ

325 2265 377 2322 bili
390 2267 528 2342 periodus
540 2269 684 2324 laborabit
698 2268 822 2342 subjecti
836 2285 944 2322 errore.

366 2361 543 2437 Frenumque
556 2362 707 2436 rupertum
719 2362 810 2417 seusu
822 2358 860 2436 (v.
881 2355 961 2436 564).
979 2383 992 2407 u
1005 2359 1198 2416 scribendum
1214 2378 1283 2415 cum
1291 2371 1348 2434 opt
1360 2380 1368 2413 :

326 2476 342 2504 α
357 2451 386 2509 in
397 2466 552 2529 pectora.»
567 2456 676 2511 Banna.
693 2452 843 2511 Addicunt
864 2471 880 2508 n
896 2455 986 2530 Regg.
1367 2503 1371 2512 .

365 2548 430 2603 Iam
446 2552 529 2604 loetus
543 2544 582 2626 (v.
594 2545 671 2625 567).
685 2547 732 2605 Sic
742 2551 871 2603 Gronov.
886 2566 902 2602 e
916 2547 973 2603 suis
987 2566 1101 2604 versum
1110 2545 1200 2603 dedit.
1211 2548 1258 2603 Al.
1269 2546 1367 2602 codo:

326 2642 444 2698 «fratris
463 2643 516 2697 sub
531 2660 599 2713 c.n;
619 2643 675 2697 ab:
693 2641 847 2697 «fraterno
863 2640 893 2696 iu
913 2660 955 2710 c.‚
968 2664 984 2692 n
1005 2641 1052 2697 cui
1065 2641 1132 2696 Beh.
1151 2642 1283 2711 1‚Da'n.‚
1298 2643 1368 2710 Pet,

326 2735 397 2810 Reg.
411 2754 423 2789 1
441 2733 553 2790 addunt
567 2733 743 2807 alatusfati.
753 2757 768 2785 a
783 2733 842 2790 Sed
856 2752 955 2789 verum
968 2733 1083 2790 videtur
1096 2733 1180 2807 quod
1192 2732 1224 2787 in
1234 2744 1369 2789 textuest.

371 2830 436 2899 Qua
450 2846 529 2903 reges
537 2828 644 2903 punire
657 2825 789 2902 datur(v.
802 2824 880 2905 572).
890 2828 945 2883 ΜΒ
955 2815 1040 2883 etalii
1049 2827 1159 2883 Barth:
1175 2828 1267 2899 Quae,
1276 2838 1309 2882 nt
1319 2828 1369 2881 de·

327 2932 373 2975 tur
384 2920 420 2976 sit
433 2939 488 2995 pro
493 2918 598 2991 fertur.
613 2922 718 2975 Parum
731 2919 882 2975 commode
894 2919 923 2974 b.
938 2921 957 2975 1.
973 2919 1096 2976 Praeced.
1105 2938 1193 2975 versu
1206 2921 1273 2975 PR:
1288 2945 1301 2970 ι
1312 2922 1369 2974 Huc

325 3032 437 3069 mecum
451 3014 489 3069 ad
502 3034 555 3083 m.,
565 3036 580 3065 n
593 3032 648 3088 pro
665 3016 693 3084 I,
709 3013 852 3087 probante
867 3012 986 3069 Heinsio
1003 3016 1046 3069 ad
1059 3014 1108 3069 Sil.
1129 3014 1168 3067 It.
1177 3052 1187 3080 ,
1203 3032 1265 3083 vu,
1281 3011 1346 3088 398.

369 3104 697 3181 Obuubitfirrialecaput
706 3102 744 3183 (r.
760 3102 839 3183 584).
854 3105 959 3161 Markl.
973 3108 1016 3160 ad
1028 3106 1108 3178 Situ,
1122 3125 1151 3175 v,
1168 3125 1199 3176 1,
1216 3124 1285 3179 219,
1298 3106 1370 3178 conj.

323 3191 422 3257 semu.
438 3200 520 3255 Web.
533 3198 648 3271 furcule
661 3198 785 3272 explicat
799 3199 892 3254 Furiis
909 3198 1046 3255 devotum
1060 3199 1104 3254 vel
1120 3211 1260 3256 sanetum

372 3292 494 3348 Vulnera
513 3290 551 3367 (v.
571 3290 651 3368 609).
670 3290 847 3347 «Lumiuum
860 3290 920 3348 scil.
939 3312 946 3348 :
966 3292 1044 3349 unde
1058 3291 1146 3350 codd.
1166 3292 1301 3348 nonnulli
1313 3292 1369 3345 Lc-
1453 3329 1454 3350 t

327 3388 413 3441 mina.
427 3385 551 3460 Reliqua
569 3403 667 3441 versus
681 3384 721 3441 sic
734 3384 925 3459 interpretor:
940 3388 1044 3443 Manus
1057 3387 1160 3462 impia,
1179 3384 1369 3441 antesnefan·
1434 3406 1439 3411 ’

327 3476 377 3533 das
390 3487 501 3533 tantum
515 3476 605 3533 caedes
620 3476 702 3554 (Laii)
718 3488 747 3533 et
760 3476 954 3535 mutilationes
970 3475 1098 3553 (suorum
1112 3474 1277 3554 oculorum)
1292 3496 1369 3532 com-

327 3570 438 3627 mittere
466 3581 591 3641 assueta,
611 3590 689 3626 nune
708 3571 746 3627 ad
768 3572 900 3646 planctus
918 3572 1018 3628 molles
1036 3571 1217 3645 adjuvandos
1241 3570 1369 3645 (pectoris

326 3660 498 3739 pulsatione)
511 3664 591 3719 haud
605 3664 695 3720 invita
706 3665 845 3739 sequitur.
862 3690 874 3714 »
888 3666 972 3720 Wns.
1120 3734 1124 3741 Ι

366 3756 423 3813 Sed
435 3768 514 3811 costa
529 3774 616 3811 manu
629 3758 810 3813 subvexerat
822 3776 904 3814 enses
919 3755 958 3836 (v.
978 3752 1057 3832 629).
1076 3758 1151 3812 Vere
1164 3756 1314 3813 restituere
1328 3756 1367 3810 vi·

328 3850 412 3905 detur
432 3850 533 3905 Marld.
550 3851 592 3905 ad
601 3850 682 3917 Situ,
700 3868 756 3920 111,
772 3859 807 3921 4,
822 3852 860 3922 87
877 3870 884 3906 :
901 3875 912 3902 α
924 3850 974 3907 sed
982 3862 1065 3905 cauta
1077 3868 1114 3904 m.
1131 3876 1143 3899 »

365 3942 432 3996 sam
447 3945 553 3997 soluere
566 3944 669 3999 nodum
683 3940 722 4021 (v.
737 3941 817 4017 646).
828 3944 980 4016 Exspectes
993 3955 1121 3998 nectere:
1135 3942 1186 3998 sed
1196 3954 1251 4012 est,
1264 3942 1366 4000 nodum

303 4106 304 4115 ἵ
327 4052 433 4089 nexum
452 4035 594 4106 relaxare,
613 4044 647 4091 ut
668 4046 755 4109 caput
777 4034 922 4092 insereret.
937 4068 977 4079 --
995 4035 1061 4110 Seq.
1075 4054 1103 4090 v.
1122 4037 1177 4091 ΜΒ
1197 4046 1225 4091 et
1246 4035 1293 4091 alii
1312 4050 1366 4088 non
