2934 4950
104 540 133 596 tv.
145 539 217 601 sos.)
418 535 633 594 Tflttltffltos
652 537 764 594 uum
785 536 826 594 11.

102 666 186 734 Mox
201 662 337 734 audisse
354 677 481 758 negant
496 690 504 732 ε
523 677 663 734 cunctos
682 678 797 737 tamen
812 664 927 736 omina
942 682 1056 733 terum

102 784 187 855 Dira
200 796 358 871 movent,
377 786 543 880 verumne
562 800 690 859 metum
706 782 917 858 sermonibus
934 793 1067 876 augent

102 912 172 981 Nec
187 911 316 981 minim
330 935 339 978 ε
353 933 433 980 nam
450 923 489 979 tu
505 908 669 979 infaustos
688 905 834 978 donante
850 904 971 976 tnarito

102 1034 256 1104 Ornatus
274 1033 377 1128 Argia
396 1031 500 1127 geris,
517 1029 697 1124 dirumque
712 1025 838 1100 monile

102 1155 329 1225 Harmonice:
349 1149 451 1248 longa
469 1163 520 1222 est
535 1151 654 1239 series,
676 1151 734 1220 sed
750 1143 1015 1222 nota-malorum

103 1277 305 1369 Proseqtnr,
322 1272 412 1342 unde
428 1271 526 1344 noris
542 1285 612 1344 tem
630 1295 716 1342 ateva
736 1274 886 1366 potentia
905 1270 1012 1341 donis.

150 1395 315 1464 lemnius
334 1393 420 1482 hec,
437 1407 477 1463 ut
493 1393 603 1487 prisce
620 1391 718 1480 lidos,
737 1392 906 1464 Mavortia
923 1387 1062 1484 longum

103 1519 208 1584 Furta
227 1513 364 1603 dolens,
383 1529 481 1609 capto
497 1527 676 1609 postquem
695 1509 908 1586 nssril'obstet
922 1511 1029 1584 amori

103 1637 225 1724 Poena,
243 1660 306 1704 nec
322 1632 459 1706 ultrices
476 1636 681 1729 castigavere
696 1621 841 1720 cotenu,

104 1755 307 1827 nnmonies
325 1753 440 1826 dotale
457 1755 559 1827 decus
575 1755 640 1827 sub
657 1754 732 1827 luce
747 1754 854 1851 jugali

105 1880 306 1947 struxerat:
325 1877 406 1965 hoc,
425 1875 517 1948 docti
537 1901 731 1973 quanquam
748 1880 891 1972 majora,
910 1874 1065 1950 laborant

105 1996 285 2092 Cyclopes,
304 1998 445 2091 notique
461 2022 606 2092 operum
622 1977 948 2070 Thelchinesamica

105 2117 270 2189 Certatim
285 2119 405 2212 juvere
422 2141 546 2208 manu,
564 2118 624 2190 sod
638 2117 804 2214 plurimus
822 2121 884 2216 ipsi

106 2239 218 2311 Sudor
235 2265 244 2309 t
260 2239 307 2310 ibi
325 2263 448 2310 arcano
463 2237 623 2312 florentes
640 2241 722 2336 igne
739 2241 930 2337 smaragdos

108 2363 241 2458 ningit,
259 2377 294 2432 et
311 2361 472 2432 infaustos
490 2385 687 2457 percusmm
705 2361 883 2432 adamanta
900 2361 1043 2458 figuras,

106 2486 374 2580 Gorgoneosque
389 2483 503 2574 orbes,
524 2484 704 2580 Siculaque
719 2484 843 2557 incude
858 2482 992 2554 relictos

107 2604 272 2678 Fulminis
289 2608 431 2679 extremi
447 2608 593 2697 cineres,
612 2607 827 2701 viridumque
840 2605 1024 2676 maeotium

108 2730 276 2799 Lucentes
292 2754 314 2797 a
332 2729 443 2801 frome
458 2728 557 2823 jubas
571 2754 580 2799 z
594 2728 649 2799 hic
666 2728 778 2799 flebile
792 2751 931 2825 germen

108 2847 348 2946 Hesperidum,
368 2865 404 2921 et
421 2849 533 2921 dirum
549 2850 703 2946 Phryxtei
722 2847 856 2919 velleris
872 2872 1004 2918 auctam.

109 2974 195 3042 Tum
213 2972 322 3043 varias
339 2984 466 3067 pestes,
482 2986 686 3068 raptumque
705 2968 897 3065 interplicat
917 2986 991 3040 atro

109 3092 308 3189 Tisiphonea
327 3090 371 3161 de
389 3093 484 3163 crine
500 3091 638 3180 ducem,
654 3106 690 3161 et
709 3116 785 3185 qum
801 3092 945 3187 pessima
964 3094 1088 3162 Ceston

111 3217 168 3284 Vis
184 3215 307 3310 probat
322 3240 331 3286 t
348 3214 420 3283 lunc
437 3216 567 3284 circum
584 3215 712 3309 spumis
732 3211 907 3283 lunaribus
925 3214 1024 3313 ungit

112 3335 275 3428 Callidus,
292 3350 394 3432 atque
411 3332 513 3407 hilari
527 3332 700 3433 perfundit
721 3348 842 3405 cuncta
859 3360 999 3407 veneno.

113 3460 187 3531 Non
206 3458 274 3530 hoc
289 3458 445 3531 Pasithea
460 3458 662 3531 blandarum
677 3458 789 3555 prims
808 3482 985 3547 sororum,

112 3583 187 3652 Non
208 3586 333 3669 Decor,
349 3578 545 3675 Idaliusque
560 3603 658 3674 puer,
680 3578 738 3649 sod
755 3583 897 3668 Luctus,
916 3595 950 3649 et
968 3581 1046 3666 Irae,

114 3705 156 3771 Et
170 3700 291 3793 Dolor,
311 3716 347 3771 et
364 3716 437 3771 tota
454 3701 576 3796 pressit
590 3699 768 3772 Discordia
785 3699 912 3771 dextra.

155 3826 271 3896 Prima
289 3822 374 3895 fides
392 3825 504 3921 operi,
519 3822 688 3895 Cadmum
704 3822 862 3892 comitata
875 3822 1043 3914 jacentem

114 3948 292 4020 Hermonis
309 3947 413 4016 versis
432 3948 469 4015 in
487 3944 583 4015 sibila
601 3944 675 4014 dira
693 3939 837 4039 querelis

114 4066 262 4164 illyricos
277 4067 380 4165 longo
397 4066 538 4139 sulcavit
554 4082 691 4162 pectore
708 4082 852 4160 campos.

115 4191 269 4285 Improba
289 4214 368 4260 mox
387 4188 535 4279 Semele,
554 4192 609 4257 vix
627 4187 716 4257 dona
737 4186 891 4255 nocentia
909 4183 996 4255 collo

1095 530 1151 590 203
